%YAML 1.1
%TAG !u! tag:unity3d.com,2011:
--- !u!1 &17068092465058304
GameObject:
  m_ObjectHideFlags: 0
  m_CorrespondingSourceObject: {fileID: 0}
  m_PrefabInstance: {fileID: 0}
  m_PrefabAsset: {fileID: 0}
  serializedVersion: 6
  m_Component:
  - component: {fileID: 17068092464565856}
  m_Layer: 9
  m_Name: CATRigLLeg1
  m_TagString: Untagged
  m_Icon: {fileID: 0}
  m_NavMeshLayer: 0
  m_StaticEditorFlags: 0
  m_IsActive: 1
--- !u!4 &17068092464565856
Transform:
  m_ObjectHideFlags: 0
  m_CorrespondingSourceObject: {fileID: 0}
  m_PrefabInstance: {fileID: 0}
  m_PrefabAsset: {fileID: 0}
  m_GameObject: {fileID: 17068092465058304}
  m_LocalRotation: {x: -0.24376412, y: 0.9582883, z: 0.12534234, w: 0.08094346}
  m_LocalPosition: {x: -0.017198369, y: 0.0065230634, z: 0.09928052}
  m_LocalScale: {x: 0.9999984, y: 1.0000012, z: 1.0000004}
  m_Children:
  - {fileID: 17068092464565870}
  m_Father: {fileID: 17068092464565846}
  m_RootOrder: 0
  m_LocalEulerAnglesHint: {x: -16.605667, y: 174.62149, z: -31.455704}
--- !u!1 &17068092465058306
GameObject:
  m_ObjectHideFlags: 0
  m_CorrespondingSourceObject: {fileID: 0}
  m_PrefabInstance: {fileID: 0}
  m_PrefabAsset: {fileID: 0}
  serializedVersion: 6
  m_Component:
  - component: {fileID: 17068092464565858}
  m_Layer: 9
  m_Name: CATRigLArmPalm
  m_TagString: Untagged
  m_Icon: {fileID: 0}
  m_NavMeshLayer: 0
  m_StaticEditorFlags: 0
  m_IsActive: 1
--- !u!4 &17068092464565858
Transform:
  m_ObjectHideFlags: 0
  m_CorrespondingSourceObject: {fileID: 0}
  m_PrefabInstance: {fileID: 0}
  m_PrefabAsset: {fileID: 0}
  m_GameObject: {fileID: 17068092465058306}
  m_LocalRotation: {x: -0.63491744, y: 0.06761751, z: 0.16055147, w: 0.7526825}
  m_LocalPosition: {x: -0.1359841, y: -0.000000024223327, z: 0}
  m_LocalScale: {x: 1.0000019, y: 0.9999931, z: 1.0000052}
  m_Children:
  - {fileID: 17068092464565834}
  - {fileID: 17068092464565876}
  - {fileID: 17068092464565886}
  - {fileID: 17068092464565884}
  m_Father: {fileID: 17068092464565838}
  m_RootOrder: 0
  m_LocalEulerAnglesHint: {x: -77.73544, y: -28.723976, z: 51.083355}
--- !u!1 &17068092465058308
GameObject:
  m_ObjectHideFlags: 0
  m_CorrespondingSourceObject: {fileID: 0}
  m_PrefabInstance: {fileID: 0}
  m_PrefabAsset: {fileID: 0}
  serializedVersion: 6
  m_Component:
  - component: {fileID: 17068092464565860}
  m_Layer: 9
  m_Name: CATRigLArmDigit33 1
  m_TagString: Untagged
  m_Icon: {fileID: 0}
  m_NavMeshLayer: 0
  m_StaticEditorFlags: 0
  m_IsActive: 1
--- !u!4 &17068092464565860
Transform:
  m_ObjectHideFlags: 0
  m_CorrespondingSourceObject: {fileID: 0}
  m_PrefabInstance: {fileID: 0}
  m_PrefabAsset: {fileID: 0}
  m_GameObject: {fileID: 17068092465058308}
  m_LocalRotation: {x: 0.00000022109779, y: 0.00000007170619, z: 0.19983272, w: 0.97983}
  m_LocalPosition: {x: -0.034162886, y: 0, z: 0}
  m_LocalScale: {x: 0.9999893, y: 1.0000021, z: 1.0000099}
  m_Children: []
  m_Father: {fileID: 17068092464565882}
  m_RootOrder: 0
  m_LocalEulerAnglesHint: {x: 0.000046172543, y: 0.000018492727, z: 30.097832}
--- !u!1 &17068092465058310
GameObject:
  m_ObjectHideFlags: 0
  m_CorrespondingSourceObject: {fileID: 0}
  m_PrefabInstance: {fileID: 0}
  m_PrefabAsset: {fileID: 0}
  serializedVersion: 6
  m_Component:
  - component: {fileID: 17068092464565862}
  m_Layer: 9
  m_Name: CATRigLArmDigit33
  m_TagString: Untagged
  m_Icon: {fileID: 0}
  m_NavMeshLayer: 0
  m_StaticEditorFlags: 0
  m_IsActive: 1
--- !u!4 &17068092464565862
Transform:
  m_ObjectHideFlags: 0
  m_CorrespondingSourceObject: {fileID: 0}
  m_PrefabInstance: {fileID: 0}
  m_PrefabAsset: {fileID: 0}
  m_GameObject: {fileID: 17068092465058310}
  m_LocalRotation: {x: -0.00000019758271, y: -0.00000020711376, z: 0.13379304, w: 0.9910093}
  m_LocalPosition: {x: -0.06394876, y: 0, z: 0}
  m_LocalScale: {x: 0.9999858, y: 1.0000033, z: 1.0000118}
  m_Children: []
  m_Father: {fileID: 17068092464565880}
  m_RootOrder: 0
  m_LocalEulerAnglesHint: {x: 0.0000011005486, y: -0.000039617284, z: 22.421137}
--- !u!1 &17068092465058312
GameObject:
  m_ObjectHideFlags: 0
  m_CorrespondingSourceObject: {fileID: 0}
  m_PrefabInstance: {fileID: 0}
  m_PrefabAsset: {fileID: 0}
  serializedVersion: 6
  m_Component:
  - component: {fileID: 17068092464565864}
  m_Layer: 9
  m_Name: CATRigLLegPlatform
  m_TagString: Untagged
  m_Icon: {fileID: 0}
  m_NavMeshLayer: 0
  m_StaticEditorFlags: 0
  m_IsActive: 1
--- !u!4 &17068092464565864
Transform:
  m_ObjectHideFlags: 0
  m_CorrespondingSourceObject: {fileID: 0}
  m_PrefabInstance: {fileID: 0}
  m_PrefabAsset: {fileID: 0}
  m_GameObject: {fileID: 17068092465058312}
  m_LocalRotation: {x: 0.56472063, y: -0.56472063, z: -0.4255475, w: 0.4255475}
  m_LocalPosition: {x: -0.19160835, y: -0.0000000030508662, z: 0.041274592}
  m_LocalScale: {x: 0.99999994, y: 0.99999994, z: 0.99999994}
  m_Children: []
  m_Father: {fileID: 17068092464565794}
  m_RootOrder: 1
  m_LocalEulerAnglesHint: {x: 0, y: -105.99999, z: -90}
--- !u!1 &17068092465058314
GameObject:
  m_ObjectHideFlags: 0
  m_CorrespondingSourceObject: {fileID: 0}
  m_PrefabInstance: {fileID: 0}
  m_PrefabAsset: {fileID: 0}
  serializedVersion: 6
  m_Component:
  - component: {fileID: 17068092464565866}
  m_Layer: 9
  m_Name: CATRigLLegDigit11
  m_TagString: Untagged
  m_Icon: {fileID: 0}
  m_NavMeshLayer: 0
  m_StaticEditorFlags: 0
  m_IsActive: 1
--- !u!4 &17068092464565866
Transform:
  m_ObjectHideFlags: 0
  m_CorrespondingSourceObject: {fileID: 0}
  m_PrefabInstance: {fileID: 0}
  m_PrefabAsset: {fileID: 0}
  m_GameObject: {fileID: 17068092465058314}
  m_LocalRotation: {x: 0.011741905, y: 0.016317118, z: -0.17108408, w: 0.98505133}
  m_LocalPosition: {x: -0.20481293, y: 0, z: 0.000000012111664}
  m_LocalScale: {x: 0.99999994, y: 0.9999998, z: 0.9999999}
  m_Children: []
  m_Father: {fileID: 17068092464565868}
  m_RootOrder: 0
  m_LocalEulerAnglesHint: {x: 1.6455277, y: 1.6125332, z: -19.682571}
--- !u!1 &17068092465058316
GameObject:
  m_ObjectHideFlags: 0
  m_CorrespondingSourceObject: {fileID: 0}
  m_PrefabInstance: {fileID: 0}
  m_PrefabAsset: {fileID: 0}
  serializedVersion: 6
  m_Component:
  - component: {fileID: 17068092464565868}
  m_Layer: 9
  m_Name: CATRigLLegAnkle
  m_TagString: Untagged
  m_Icon: {fileID: 0}
  m_NavMeshLayer: 0
  m_StaticEditorFlags: 0
  m_IsActive: 1
--- !u!4 &17068092464565868
Transform:
  m_ObjectHideFlags: 0
  m_CorrespondingSourceObject: {fileID: 0}
  m_PrefabInstance: {fileID: 0}
  m_PrefabAsset: {fileID: 0}
  m_GameObject: {fileID: 17068092465058316}
  m_LocalRotation: {x: -0.057551235, y: -0.05318408, z: -0.6345871, w: 0.7688683}
  m_LocalPosition: {x: -0.37222502, y: 0.000000003027916, z: -0.000000012111664}
  m_LocalScale: {x: 1.0000006, y: 0.9999996, z: 1}
  m_Children:
  - {fileID: 17068092464565866}
  m_Father: {fileID: 17068092464565870}
  m_RootOrder: 0
  m_LocalEulerAnglesHint: {x: -5.5327177, y: -2.2751043, z: -80.6958}
--- !u!1 &17068092465058318
GameObject:
  m_ObjectHideFlags: 0
  m_CorrespondingSourceObject: {fileID: 0}
  m_PrefabInstance: {fileID: 0}
  m_PrefabAsset: {fileID: 0}
  serializedVersion: 6
  m_Component:
  - component: {fileID: 17068092464565870}
  m_Layer: 9
  m_Name: CATRigLLeg2
  m_TagString: Untagged
  m_Icon: {fileID: 0}
  m_NavMeshLayer: 0
  m_StaticEditorFlags: 0
  m_IsActive: 1
--- !u!4 &17068092464565870
Transform:
  m_ObjectHideFlags: 0
  m_CorrespondingSourceObject: {fileID: 0}
  m_PrefabInstance: {fileID: 0}
  m_PrefabAsset: {fileID: 0}
  m_GameObject: {fileID: 17068092465058318}
  m_LocalRotation: {x: 0.0008696284, y: 0.07329442, z: 0.32286355, w: 0.94360286}
  m_LocalPosition: {x: -0.32980764, y: -0.0000011384964, z: -0.0000006055832}
  m_LocalScale: {x: 0.99999994, y: 0.99999934, z: 1.0000005}
  m_Children:
  - {fileID: 17068092464565868}
  m_Father: {fileID: 17068092464565856}
  m_RootOrder: 0
  m_LocalEulerAnglesHint: {x: -3.4513063, y: 8.969576, z: 43.210014}
--- !u!1 &17068092465058320
GameObject:
  m_ObjectHideFlags: 0
  m_CorrespondingSourceObject: {fileID: 0}
  m_PrefabInstance: {fileID: 0}
  m_PrefabAsset: {fileID: 0}
  serializedVersion: 6
  m_Component:
  - component: {fileID: 17068092464565872}
  m_Layer: 9
  m_Name: CATRigLArmDigit23
  m_TagString: Untagged
  m_Icon: {fileID: 0}
  m_NavMeshLayer: 0
  m_StaticEditorFlags: 0
  m_IsActive: 1
--- !u!4 &17068092464565872
Transform:
  m_ObjectHideFlags: 0
  m_CorrespondingSourceObject: {fileID: 0}
  m_PrefabInstance: {fileID: 0}
  m_PrefabAsset: {fileID: 0}
  m_GameObject: {fileID: 17068092465058320}
  m_LocalRotation: {x: -0.0000002185941, y: -0.00000032569247, z: 0.023885328, w: 0.99971473}
  m_LocalPosition: {x: -0.055300985, y: 0.000000024223327, z: 0}
  m_LocalScale: {x: 0.9999894, y: 1.0000017, z: 1.0000098}
  m_Children: []
  m_Father: {fileID: 17068092464565874}
  m_RootOrder: 0
  m_LocalEulerAnglesHint: {x: -0.000036795565, y: -0.000046617068, z: 9.780822}
--- !u!1 &17068092465058322
GameObject:
  m_ObjectHideFlags: 0
  m_CorrespondingSourceObject: {fileID: 0}
  m_PrefabInstance: {fileID: 0}
  m_PrefabAsset: {fileID: 0}
  serializedVersion: 6
  m_Component:
  - component: {fileID: 17068092464565874}
  m_Layer: 9
  m_Name: CATRigLArmDigit22
  m_TagString: Untagged
  m_Icon: {fileID: 0}
  m_NavMeshLayer: 0
  m_StaticEditorFlags: 0
  m_IsActive: 1
--- !u!4 &17068092464565874
Transform:
  m_ObjectHideFlags: 0
  m_CorrespondingSourceObject: {fileID: 0}
  m_PrefabInstance: {fileID: 0}
  m_PrefabAsset: {fileID: 0}
  m_GameObject: {fileID: 17068092465058322}
  m_LocalRotation: {x: -0.00000023847974, y: 0.0000001814722, z: 0.11925996, w: 0.99286306}
  m_LocalPosition: {x: -0.056199234, y: -0.000000024223327, z: 0.000000024223327}
  m_LocalScale: {x: 0.999991, y: 1.0000007, z: 1.0000088}
  m_Children:
  - {fileID: 17068092464565872}
  m_Father: {fileID: 17068092464565876}
  m_RootOrder: 0
  m_LocalEulerAnglesHint: {x: -0.00003527295, y: 0.00003315764, z: 20.74234}
--- !u!1 &17068092465058324
GameObject:
  m_ObjectHideFlags: 0
  m_CorrespondingSourceObject: {fileID: 0}
  m_PrefabInstance: {fileID: 0}
  m_PrefabAsset: {fileID: 0}
  serializedVersion: 6
  m_Component:
  - component: {fileID: 17068092464565876}
  m_Layer: 9
  m_Name: CATRigLArmDigit21
  m_TagString: Untagged
  m_Icon: {fileID: 0}
  m_NavMeshLayer: 0
  m_StaticEditorFlags: 0
  m_IsActive: 1
--- !u!4 &17068092464565876
Transform:
  m_ObjectHideFlags: 0
  m_CorrespondingSourceObject: {fileID: 0}
  m_PrefabInstance: {fileID: 0}
  m_PrefabAsset: {fileID: 0}
  m_GameObject: {fileID: 17068092465058324}
  m_LocalRotation: {x: 0.00013374662, y: 0.020493299, z: 0.0065253633, w: 0.99976873}
  m_LocalPosition: {x: -0.1563378, y: -0.0039903573, z: 0.05469092}
  m_LocalScale: {x: 0.999989, y: 1.0000017, z: 1.00001}
  m_Children:
  - {fileID: 17068092464565874}
  m_Father: {fileID: 17068092464565858}
  m_RootOrder: 1
  m_LocalEulerAnglesHint: {x: 0.000057580564, y: 2.3488634, z: 7.791582}
--- !u!1 &17068092465058326
GameObject:
  m_ObjectHideFlags: 0
  m_CorrespondingSourceObject: {fileID: 0}
  m_PrefabInstance: {fileID: 0}
  m_PrefabAsset: {fileID: 0}
  serializedVersion: 6
  m_Component:
  - component: {fileID: 17068092464565878}
  m_Layer: 9
  m_Name: CATRigLArmDigit13
  m_TagString: Untagged
  m_Icon: {fileID: 0}
  m_NavMeshLayer: 0
  m_StaticEditorFlags: 0
  m_IsActive: 1
--- !u!4 &17068092464565878
Transform:
  m_ObjectHideFlags: 0
  m_CorrespondingSourceObject: {fileID: 0}
  m_PrefabInstance: {fileID: 0}
  m_PrefabAsset: {fileID: 0}
  m_GameObject: {fileID: 17068092465058326}
  m_LocalRotation: {x: -0.00000005917448, y: -0.000000048953886, z: 0.008832525, w: 0.999961}
  m_LocalPosition: {x: -0.057713, y: -0.000000024223327, z: 0}
  m_LocalScale: {x: 0.99998885, y: 1.0000014, z: 1.00001}
  m_Children: []
  m_Father: {fileID: 17068092464565832}
  m_RootOrder: 0
  m_LocalEulerAnglesHint: {x: 0.00002363005, y: 0.000008272997, z: 2.6328}
--- !u!1 &17068092465058328
GameObject:
  m_ObjectHideFlags: 0
  m_CorrespondingSourceObject: {fileID: 0}
  m_PrefabInstance: {fileID: 0}
  m_PrefabAsset: {fileID: 0}
  serializedVersion: 6
  m_Component:
  - component: {fileID: 17068092464565880}
  m_Layer: 9
  m_Name: CATRigLArmDigit32 1
  m_TagString: Untagged
  m_Icon: {fileID: 0}
  m_NavMeshLayer: 0
  m_StaticEditorFlags: 0
  m_IsActive: 1
--- !u!4 &17068092464565880
Transform:
  m_ObjectHideFlags: 0
  m_CorrespondingSourceObject: {fileID: 0}
  m_PrefabInstance: {fileID: 0}
  m_PrefabAsset: {fileID: 0}
  m_GameObject: {fileID: 17068092465058328}
  m_LocalRotation: {x: -0.00000017898103, y: 0.00000018355391, z: 0.15195207, w: 0.9883879}
  m_LocalPosition: {x: -0.043489885, y: 0.000000024223327, z: 0}
  m_LocalScale: {x: 0.9999869, y: 1.0000023, z: 1.0000116}
  m_Children:
  - {fileID: 17068092464565862}
  m_Father: {fileID: 17068092464565884}
  m_RootOrder: 0
  m_LocalEulerAnglesHint: {x: -0.00006898344, y: 0.0000136267645, z: 24.52367}
--- !u!1 &17068092465058330
GameObject:
  m_ObjectHideFlags: 0
  m_CorrespondingSourceObject: {fileID: 0}
  m_PrefabInstance: {fileID: 0}
  m_PrefabAsset: {fileID: 0}
  serializedVersion: 6
  m_Component:
  - component: {fileID: 17068092464565882}
  m_Layer: 9
  m_Name: CATRigLArmDigit32
  m_TagString: Untagged
  m_Icon: {fileID: 0}
  m_NavMeshLayer: 0
  m_StaticEditorFlags: 0
  m_IsActive: 1
--- !u!4 &17068092464565882
Transform:
  m_ObjectHideFlags: 0
  m_CorrespondingSourceObject: {fileID: 0}
  m_PrefabInstance: {fileID: 0}
  m_PrefabAsset: {fileID: 0}
  m_GameObject: {fileID: 17068092465058330}
  m_LocalRotation: {x: -0.0000002969491, y: -0.000000073192346, z: 0.19172706, w: 0.9814483}
  m_LocalPosition: {x: -0.04719179, y: 0.000000024223327, z: 0}
  m_LocalScale: {x: 0.999989, y: 1.0000021, z: 1.00001}
  m_Children:
  - {fileID: 17068092464565860}
  m_Father: {fileID: 17068092464565886}
  m_RootOrder: 0
  m_LocalEulerAnglesHint: {x: -0.0000067585115, y: -0.0000066316315, z: 29.150747}
--- !u!1 &17068092465058332
GameObject:
  m_ObjectHideFlags: 0
  m_CorrespondingSourceObject: {fileID: 0}
  m_PrefabInstance: {fileID: 0}
  m_PrefabAsset: {fileID: 0}
  serializedVersion: 6
  m_Component:
  - component: {fileID: 17068092464565884}
  m_Layer: 9
  m_Name: CATRigLArmDigit31 1
  m_TagString: Untagged
  m_Icon: {fileID: 0}
  m_NavMeshLayer: 0
  m_StaticEditorFlags: 0
  m_IsActive: 1
--- !u!4 &17068092464565884
Transform:
  m_ObjectHideFlags: 0
  m_CorrespondingSourceObject: {fileID: 0}
  m_PrefabInstance: {fileID: 0}
  m_PrefabAsset: {fileID: 0}
  m_GameObject: {fileID: 17068092465058332}
  m_LocalRotation: {x: -0.00000021053269, y: -0.00000016916852, z: 0.24765353, w: 0.96884865}
  m_LocalPosition: {x: -0.17556427, y: 0.010682924, z: -0.0033636512}
  m_LocalScale: {x: 0.99999267, y: 0.9999986, z: 1.0000093}
  m_Children:
  - {fileID: 17068092464565880}
  m_Father: {fileID: 17068092464565858}
  m_RootOrder: 3
  m_LocalEulerAnglesHint: {x: -0.0000015365349, y: -0.000009927022, z: 35.720985}
--- !u!1 &17068092465058334
GameObject:
  m_ObjectHideFlags: 0
  m_CorrespondingSourceObject: {fileID: 0}
  m_PrefabInstance: {fileID: 0}
  m_PrefabAsset: {fileID: 0}
  serializedVersion: 6
  m_Component:
  - component: {fileID: 17068092464565886}
  m_Layer: 9
  m_Name: CATRigLArmDigit31
  m_TagString: Untagged
  m_Icon: {fileID: 0}
  m_NavMeshLayer: 0
  m_StaticEditorFlags: 0
  m_IsActive: 1
--- !u!4 &17068092464565886
Transform:
  m_ObjectHideFlags: 0
  m_CorrespondingSourceObject: {fileID: 0}
  m_PrefabInstance: {fileID: 0}
  m_PrefabAsset: {fileID: 0}
  m_GameObject: {fileID: 17068092465058334}
  m_LocalRotation: {x: 0.0014793796, y: -0.0299926, z: 0.26184872, w: 0.9646417}
  m_LocalPosition: {x: -0.15312617, y: 0.0052611614, z: -0.05989363}
  m_LocalScale: {x: 0.9999917, y: 0.9999987, z: 1.0000099}
  m_Children:
  - {fileID: 17068092464565882}
  m_Father: {fileID: 17068092464565858}
  m_RootOrder: 2
  m_LocalEulerAnglesHint: {x: 1.0636013, y: -3.2737372, z: 37.3868}
--- !u!1 &17068092465058336
GameObject:
  m_ObjectHideFlags: 0
  m_CorrespondingSourceObject: {fileID: 0}
  m_PrefabInstance: {fileID: 0}
  m_PrefabAsset: {fileID: 0}
  serializedVersion: 6
  m_Component:
  - component: {fileID: 17068092464565760}
  m_Layer: 9
  m_Name: CATRigRArmDigit31 1
  m_TagString: Untagged
  m_Icon: {fileID: 0}
  m_NavMeshLayer: 0
  m_StaticEditorFlags: 0
  m_IsActive: 1
--- !u!4 &17068092464565760
Transform:
  m_ObjectHideFlags: 0
  m_CorrespondingSourceObject: {fileID: 0}
  m_PrefabInstance: {fileID: 0}
  m_PrefabAsset: {fileID: 0}
  m_GameObject: {fileID: 17068092465058336}
  m_LocalRotation: {x: 0.0080300355, y: 0.028935872, z: 0.5519781, w: 0.83331776}
  m_LocalPosition: {x: -0.15312567, y: 0.0052609676, z: 0.05989403}
  m_LocalScale: {x: 0.99999106, y: 1.0000055, z: 1.0000049}
  m_Children:
  - {fileID: 17068092464565774}
  m_Father: {fileID: 17068092464565814}
  m_RootOrder: 3
  m_LocalEulerAnglesHint: {x: -1.0635177, y: 3.2733793, z: 67.00948}
--- !u!1 &17068092465058338
GameObject:
  m_ObjectHideFlags: 0
  m_CorrespondingSourceObject: {fileID: 0}
  m_PrefabInstance: {fileID: 0}
  m_PrefabAsset: {fileID: 0}
  serializedVersion: 6
  m_Component:
  - component: {fileID: 17068092464565762}
  m_Layer: 9
  m_Name: CATRigRArmDigit31
  m_TagString: Untagged
  m_Icon: {fileID: 0}
  m_NavMeshLayer: 0
  m_StaticEditorFlags: 0
  m_IsActive: 1
--- !u!4 &17068092464565762
Transform:
  m_ObjectHideFlags: 0
  m_CorrespondingSourceObject: {fileID: 0}
  m_PrefabInstance: {fileID: 0}
  m_PrefabAsset: {fileID: 0}
  m_GameObject: {fileID: 17068092465058338}
  m_LocalRotation: {x: 0.00000013962415, y: 0.00000011195815, z: 0.59255505, w: 0.80552995}
  m_LocalPosition: {x: -0.1755637, y: 0.010682827, z: 0.0033636512}
  m_LocalScale: {x: 0.9999899, y: 1.0000063, z: 1.0000054}
  m_Children:
  - {fileID: 17068092464565772}
  m_Father: {fileID: 17068092464565814}
  m_RootOrder: 2
  m_LocalEulerAnglesHint: {x: 0.000004005672, y: 0.000018711546, z: 72.67706}
--- !u!1 &17068092465058340
GameObject:
  m_ObjectHideFlags: 0
  m_CorrespondingSourceObject: {fileID: 0}
  m_PrefabInstance: {fileID: 0}
  m_PrefabAsset: {fileID: 0}
  serializedVersion: 6
  m_Component:
  - component: {fileID: 17068092464565764}
  m_Layer: 9
  m_Name: CATRigRArmDigit23
  m_TagString: Untagged
  m_Icon: {fileID: 0}
  m_NavMeshLayer: 0
  m_StaticEditorFlags: 0
  m_IsActive: 1
--- !u!4 &17068092464565764
Transform:
  m_ObjectHideFlags: 0
  m_CorrespondingSourceObject: {fileID: 0}
  m_PrefabInstance: {fileID: 0}
  m_PrefabAsset: {fileID: 0}
  m_GameObject: {fileID: 17068092465058340}
  m_LocalRotation: {x: -0.000000086399346, y: 0.0000005041618, z: 0.60230577, w: 0.7982655}
  m_LocalPosition: {x: -0.055300985, y: 0, z: -0.000000018167496}
  m_LocalScale: {x: 0.9999816, y: 1.0000143, z: 1.0000049}
  m_Children: []
  m_Father: {fileID: 17068092464565766}
  m_RootOrder: 0
  m_LocalEulerAnglesHint: {x: -0.0000434453, y: 0.000041516443, z: 74.07042}
--- !u!1 &17068092465058342
GameObject:
  m_ObjectHideFlags: 0
  m_CorrespondingSourceObject: {fileID: 0}
  m_PrefabInstance: {fileID: 0}
  m_PrefabAsset: {fileID: 0}
  serializedVersion: 6
  m_Component:
  - component: {fileID: 17068092464565766}
  m_Layer: 9
  m_Name: CATRigRArmDigit22
  m_TagString: Untagged
  m_Icon: {fileID: 0}
  m_NavMeshLayer: 0
  m_StaticEditorFlags: 0
  m_IsActive: 1
--- !u!4 &17068092464565766
Transform:
  m_ObjectHideFlags: 0
  m_CorrespondingSourceObject: {fileID: 0}
  m_PrefabInstance: {fileID: 0}
  m_PrefabAsset: {fileID: 0}
  m_GameObject: {fileID: 17068092465058342}
  m_LocalRotation: {x: 0.00000029789462, y: -0.00000006486894, z: 0.6885578, w: 0.72518146}
  m_LocalPosition: {x: -0.05619933, y: 0.000000048446655, z: 0.000000006055832}
  m_LocalScale: {x: 0.9999848, y: 1.0000101, z: 1.0000052}
  m_Children:
  - {fileID: 17068092464565764}
  m_Father: {fileID: 17068092464565784}
  m_RootOrder: 0
  m_LocalEulerAnglesHint: {x: 0.000030029356, y: 0.000017422513, z: 87.032104}
--- !u!1 &17068092465058344
GameObject:
  m_ObjectHideFlags: 0
  m_CorrespondingSourceObject: {fileID: 0}
  m_PrefabInstance: {fileID: 0}
  m_PrefabAsset: {fileID: 0}
  serializedVersion: 6
  m_Component:
  - component: {fileID: 17068092464565768}
  m_Layer: 9
  m_Name: CATRigRArmDigit33 1
  m_TagString: Untagged
  m_Icon: {fileID: 0}
  m_NavMeshLayer: 0
  m_StaticEditorFlags: 0
  m_IsActive: 1
--- !u!4 &17068092464565768
Transform:
  m_ObjectHideFlags: 0
  m_CorrespondingSourceObject: {fileID: 0}
  m_PrefabInstance: {fileID: 0}
  m_PrefabAsset: {fileID: 0}
  m_GameObject: {fileID: 17068092465058344}
  m_LocalRotation: {x: -0.00000016464315, y: -0.00000015466188, z: 0.49788985, w: 0.8672403}
  m_LocalPosition: {x: -0.034162935, y: -0.00000009689331, z: 0}
  m_LocalScale: {x: 0.99998486, y: 1.0000107, z: 1.0000052}
  m_Children: []
  m_Father: {fileID: 17068092464565774}
  m_RootOrder: 0
  m_LocalEulerAnglesHint: {x: -0.0000057120146, y: -0.000026157366, z: 59.720978}
--- !u!1 &17068092465058346
GameObject:
  m_ObjectHideFlags: 0
  m_CorrespondingSourceObject: {fileID: 0}
  m_PrefabInstance: {fileID: 0}
  m_PrefabAsset: {fileID: 0}
  serializedVersion: 6
  m_Component:
  - component: {fileID: 17068092464565770}
  m_Layer: 9
  m_Name: CATRigRArmDigit33
  m_TagString: Untagged
  m_Icon: {fileID: 0}
  m_NavMeshLayer: 0
  m_StaticEditorFlags: 0
  m_IsActive: 1
--- !u!4 &17068092464565770
Transform:
  m_ObjectHideFlags: 0
  m_CorrespondingSourceObject: {fileID: 0}
  m_PrefabInstance: {fileID: 0}
  m_PrefabAsset: {fileID: 0}
  m_GameObject: {fileID: 17068092465058346}
  m_LocalRotation: {x: -0.00000001949912, y: 0.0000003004086, z: 0.5546817, w: 0.8320626}
  m_LocalPosition: {x: -0.063948736, y: 0, z: 0}
  m_LocalScale: {x: 0.99998367, y: 1.0000129, z: 1.0000045}
  m_Children: []
  m_Father: {fileID: 17068092464565772}
  m_RootOrder: 0
  m_LocalEulerAnglesHint: {x: -0.000019574245, y: 0.000028158014, z: 67.37759}
--- !u!1 &17068092465058348
GameObject:
  m_ObjectHideFlags: 0
  m_CorrespondingSourceObject: {fileID: 0}
  m_PrefabInstance: {fileID: 0}
  m_PrefabAsset: {fileID: 0}
  serializedVersion: 6
  m_Component:
  - component: {fileID: 17068092464565772}
  m_Layer: 9
  m_Name: CATRigRArmDigit32 1
  m_TagString: Untagged
  m_Icon: {fileID: 0}
  m_NavMeshLayer: 0
  m_StaticEditorFlags: 0
  m_IsActive: 1
--- !u!4 &17068092464565772
Transform:
  m_ObjectHideFlags: 0
  m_CorrespondingSourceObject: {fileID: 0}
  m_PrefabInstance: {fileID: 0}
  m_PrefabAsset: {fileID: 0}
  m_GameObject: {fileID: 17068092465058348}
  m_LocalRotation: {x: 0.0000000415696, y: -0.00000020793486, z: 0.4960639, w: 0.868286}
  m_LocalPosition: {x: -0.043489885, y: 0, z: -0.000000012111664}
  m_LocalScale: {x: 0.9999879, y: 1.0000082, z: 1.0000042}
  m_Children:
  - {fileID: 17068092464565770}
  m_Father: {fileID: 17068092464565762}
  m_RootOrder: 0
  m_LocalEulerAnglesHint: {x: 0.000015787195, y: -0.000017583145, z: 59.47985}
--- !u!1 &17068092465058350
GameObject:
  m_ObjectHideFlags: 0
  m_CorrespondingSourceObject: {fileID: 0}
  m_PrefabInstance: {fileID: 0}
  m_PrefabAsset: {fileID: 0}
  serializedVersion: 6
  m_Component:
  - component: {fileID: 17068092464565774}
  m_Layer: 9
  m_Name: CATRigRArmDigit32
  m_TagString: Untagged
  m_Icon: {fileID: 0}
  m_NavMeshLayer: 0
  m_StaticEditorFlags: 0
  m_IsActive: 1
--- !u!4 &17068092464565774
Transform:
  m_ObjectHideFlags: 0
  m_CorrespondingSourceObject: {fileID: 0}
  m_PrefabInstance: {fileID: 0}
  m_PrefabAsset: {fileID: 0}
  m_GameObject: {fileID: 17068092465058350}
  m_LocalRotation: {x: 0.0000002162464, y: 0.00000014743584, z: 0.49070323, w: 0.8713268}
  m_LocalPosition: {x: -0.04719179, y: 0, z: 0.000000024223327}
  m_LocalScale: {x: 0.9999891, y: 1.0000069, z: 1.0000046}
  m_Children:
  - {fileID: 17068092464565768}
  m_Father: {fileID: 17068092464565760}
  m_RootOrder: 0
  m_LocalEulerAnglesHint: {x: 0.00001377531, y: 0.000027761585, z: 58.773617}
--- !u!1 &17068092465058352
GameObject:
  m_ObjectHideFlags: 0
  m_CorrespondingSourceObject: {fileID: 0}
  m_PrefabInstance: {fileID: 0}
  m_PrefabAsset: {fileID: 0}
  serializedVersion: 6
  m_Component:
  - component: {fileID: 17068092464565776}
  m_Layer: 9
  m_Name: CATRigRArmCollarbone
  m_TagString: Untagged
  m_Icon: {fileID: 0}
  m_NavMeshLayer: 0
  m_StaticEditorFlags: 0
  m_IsActive: 1
--- !u!4 &17068092464565776
Transform:
  m_ObjectHideFlags: 0
  m_CorrespondingSourceObject: {fileID: 0}
  m_PrefabInstance: {fileID: 0}
  m_PrefabAsset: {fileID: 0}
  m_GameObject: {fileID: 17068092465058352}
  m_LocalRotation: {x: -0.25230274, y: -0.6644445, z: 0.26150724, w: 0.6530473}
  m_LocalPosition: {x: -0.18007989, y: 0.11114665, z: -0.036549635}
  m_LocalScale: {x: 1.0000001, y: 1.0000001, z: 1.0000002}
  m_Children:
  - {fileID: 17068092464565782}
  m_Father: {fileID: 17068092464565844}
  m_RootOrder: 1
  m_LocalEulerAnglesHint: {x: -0.8384757, y: -95.44309, z: 40.36693}
--- !u!1 &17068092465058354
GameObject:
  m_ObjectHideFlags: 0
  m_CorrespondingSourceObject: {fileID: 0}
  m_PrefabInstance: {fileID: 0}
  m_PrefabAsset: {fileID: 0}
  serializedVersion: 6
  m_Component:
  - component: {fileID: 17068092464565778}
  m_Layer: 9
  m_Name: CATRigRArm22
  m_TagString: Untagged
  m_Icon: {fileID: 0}
  m_NavMeshLayer: 0
  m_StaticEditorFlags: 0
  m_IsActive: 1
--- !u!4 &17068092464565778
Transform:
  m_ObjectHideFlags: 0
  m_CorrespondingSourceObject: {fileID: 0}
  m_PrefabInstance: {fileID: 0}
  m_PrefabAsset: {fileID: 0}
  m_GameObject: {fileID: 17068092465058354}
  m_LocalRotation: {x: 0.14782892, y: -0.000000014462088, z: 0.0000000040450026, w: 0.98901296}
  m_LocalPosition: {x: -0.1359841, y: -0.000000024223327, z: 0}
  m_LocalScale: {x: 1, y: 1.0000001, z: 1}
  m_Children:
  - {fileID: 17068092464565814}
  m_Father: {fileID: 17068092464565780}
  m_RootOrder: 0
  m_LocalEulerAnglesHint: {x: 17.00226, y: -0.0000012444759, z: 0.00000016913381}
--- !u!1 &17068092465058356
GameObject:
  m_ObjectHideFlags: 0
  m_CorrespondingSourceObject: {fileID: 0}
  m_PrefabInstance: {fileID: 0}
  m_PrefabAsset: {fileID: 0}
  serializedVersion: 6
  m_Component:
  - component: {fileID: 17068092464565780}
  m_Layer: 9
  m_Name: CATRigRArm21
  m_TagString: Untagged
  m_Icon: {fileID: 0}
  m_NavMeshLayer: 0
  m_StaticEditorFlags: 0
  m_IsActive: 1
--- !u!4 &17068092464565780
Transform:
  m_ObjectHideFlags: 0
  m_CorrespondingSourceObject: {fileID: 0}
  m_PrefabInstance: {fileID: 0}
  m_PrefabAsset: {fileID: 0}
  m_GameObject: {fileID: 17068092465058356}
  m_LocalRotation: {x: 0.0031905782, y: 0.047132727, z: -0.3303078, w: 0.9426904}
  m_LocalPosition: {x: -0.22741358, y: 0, z: 0}
  m_LocalScale: {x: 0.9999993, y: 1.0000017, z: 0.99999875}
  m_Children:
  - {fileID: 17068092464565778}
  m_Father: {fileID: 17068092464565782}
  m_RootOrder: 0
  m_LocalEulerAnglesHint: {x: 2.1293256, y: 4.98124, z: -46.211014}
--- !u!1 &17068092465058358
GameObject:
  m_ObjectHideFlags: 0
  m_CorrespondingSourceObject: {fileID: 0}
  m_PrefabInstance: {fileID: 0}
  m_PrefabAsset: {fileID: 0}
  serializedVersion: 6
  m_Component:
  - component: {fileID: 17068092464565782}
  m_Layer: 9
  m_Name: CATRigRArm1
  m_TagString: Untagged
  m_Icon: {fileID: 0}
  m_NavMeshLayer: 0
  m_StaticEditorFlags: 0
  m_IsActive: 1
--- !u!4 &17068092464565782
Transform:
  m_ObjectHideFlags: 0
  m_CorrespondingSourceObject: {fileID: 0}
  m_PrefabInstance: {fileID: 0}
  m_PrefabAsset: {fileID: 0}
  m_GameObject: {fileID: 17068092465058358}
  m_LocalRotation: {x: -0.3026089, y: -0.48350006, z: -0.29448467, w: 0.76676875}
  m_LocalPosition: {x: -0.19535223, y: -0.000000036334992, z: 0.00000009689331}
  m_LocalScale: {x: 0.9999995, y: 1.0000007, z: 0.99999917}
  m_Children:
  - {fileID: 17068092464565780}
  m_Father: {fileID: 17068092464565776}
  m_RootOrder: 0
  m_LocalEulerAnglesHint: {x: -44.044846, y: -53.11982, z: -17.576023}
--- !u!1 &17068092465058360
GameObject:
  m_ObjectHideFlags: 0
  m_CorrespondingSourceObject: {fileID: 0}
  m_PrefabInstance: {fileID: 0}
  m_PrefabAsset: {fileID: 0}
  serializedVersion: 6
  m_Component:
  - component: {fileID: 17068092464565784}
  m_Layer: 9
  m_Name: CATRigRArmDigit21
  m_TagString: Untagged
  m_Icon: {fileID: 0}
  m_NavMeshLayer: 0
  m_StaticEditorFlags: 0
  m_IsActive: 1
--- !u!4 &17068092464565784
Transform:
  m_ObjectHideFlags: 0
  m_CorrespondingSourceObject: {fileID: 0}
  m_PrefabInstance: {fileID: 0}
  m_PrefabAsset: {fileID: 0}
  m_GameObject: {fileID: 17068092465058360}
  m_LocalRotation: {x: -0.0039248965, y: -0.020114534, z: 0.1914637, w: 0.98128575}
  m_LocalPosition: {x: -0.1563373, y: -0.0039903573, z: -0.054691393}
  m_LocalScale: {x: 0.99999565, y: 1.0000011, z: 1.000005}
  m_Children:
  - {fileID: 17068092464565766}
  m_Father: {fileID: 17068092464565814}
  m_RootOrder: 1
  m_LocalEulerAnglesHint: {x: -0.000028398379, y: -2.3485897, z: 22.081127}
--- !u!1 &17068092465058362
GameObject:
  m_ObjectHideFlags: 0
  m_CorrespondingSourceObject: {fileID: 0}
  m_PrefabInstance: {fileID: 0}
  m_PrefabAsset: {fileID: 0}
  serializedVersion: 6
  m_Component:
  - component: {fileID: 17068092464565786}
  m_Layer: 9
  m_Name: CATRigRArmDigit13
  m_TagString: Untagged
  m_Icon: {fileID: 0}
  m_NavMeshLayer: 0
  m_StaticEditorFlags: 0
  m_IsActive: 1
--- !u!4 &17068092464565786
Transform:
  m_ObjectHideFlags: 0
  m_CorrespondingSourceObject: {fileID: 0}
  m_PrefabInstance: {fileID: 0}
  m_PrefabAsset: {fileID: 0}
  m_GameObject: {fileID: 17068092465058362}
  m_LocalRotation: {x: -0.000000009049641, y: -0.000000029883523, z: 0.00883222, w: 0.999961}
  m_LocalPosition: {x: -0.057713, y: 0.000000048446655, z: 0}
  m_LocalScale: {x: 0.9999964, y: 1, z: 1.0000046}
  m_Children: []
  m_Father: {fileID: 17068092464565788}
  m_RootOrder: 0
  m_LocalEulerAnglesHint: {x: -0.00000076287006, y: -0.000002601755, z: 1.012112}
--- !u!1 &17068092465058364
GameObject:
  m_ObjectHideFlags: 0
  m_CorrespondingSourceObject: {fileID: 0}
  m_PrefabInstance: {fileID: 0}
  m_PrefabAsset: {fileID: 0}
  serializedVersion: 6
  m_Component:
  - component: {fileID: 17068092464565788}
  m_Layer: 9
  m_Name: CATRigRArmDigit12
  m_TagString: Untagged
  m_Icon: {fileID: 0}
  m_NavMeshLayer: 0
  m_StaticEditorFlags: 0
  m_IsActive: 1
--- !u!4 &17068092464565788
Transform:
  m_ObjectHideFlags: 0
  m_CorrespondingSourceObject: {fileID: 0}
  m_PrefabInstance: {fileID: 0}
  m_PrefabAsset: {fileID: 0}
  m_GameObject: {fileID: 17068092465058364}
  m_LocalRotation: {x: 0.0000000014244452, y: 0.00000004654458, z: 0.25050086, w: 0.9681164}
  m_LocalPosition: {x: -0.07432279, y: 0, z: 0}
  m_LocalScale: {x: 0.9999941, y: 1.0000023, z: 1.0000048}
  m_Children:
  - {fileID: 17068092464565786}
  m_Father: {fileID: 17068092464565790}
  m_RootOrder: 0
  m_LocalEulerAnglesHint: {x: -0.0000008926941, y: 0.0000039437896, z: 29.014301}
--- !u!1 &17068092465058366
GameObject:
  m_ObjectHideFlags: 0
  m_CorrespondingSourceObject: {fileID: 0}
  m_PrefabInstance: {fileID: 0}
  m_PrefabAsset: {fileID: 0}
  serializedVersion: 6
  m_Component:
  - component: {fileID: 17068092464565790}
  m_Layer: 9
  m_Name: CATRigRArmDigit11
  m_TagString: Untagged
  m_Icon: {fileID: 0}
  m_NavMeshLayer: 0
  m_StaticEditorFlags: 0
  m_IsActive: 1
--- !u!4 &17068092464565790
Transform:
  m_ObjectHideFlags: 0
  m_CorrespondingSourceObject: {fileID: 0}
  m_PrefabInstance: {fileID: 0}
  m_PrefabAsset: {fileID: 0}
  m_GameObject: {fileID: 17068092465058366}
  m_LocalRotation: {x: 0.8643793, y: 0.36305085, z: -0.014666232, w: -0.34760255}
  m_LocalPosition: {x: -0.045490198, y: -0.02047656, z: -0.052400727}
  m_LocalScale: {x: 0.9999934, y: 1.0000023, z: 1.0000055}
  m_Children:
  - {fileID: 17068092464565788}
  m_Father: {fileID: 17068092464565814}
  m_RootOrder: 0
  m_LocalEulerAnglesHint: {x: -36.176285, y: -159.87387, z: 127.799255}
--- !u!1 &17068092465058400
GameObject:
  m_ObjectHideFlags: 0
  m_CorrespondingSourceObject: {fileID: 0}
  m_PrefabInstance: {fileID: 0}
  m_PrefabAsset: {fileID: 0}
  serializedVersion: 6
  m_Component:
  - component: {fileID: 17068092464565824}
  m_Layer: 9
  m_Name: CATRigLArm21
  m_TagString: Untagged
  m_Icon: {fileID: 0}
  m_NavMeshLayer: 0
  m_StaticEditorFlags: 0
  m_IsActive: 1
--- !u!4 &17068092464565824
Transform:
  m_ObjectHideFlags: 0
  m_CorrespondingSourceObject: {fileID: 0}
  m_PrefabInstance: {fileID: 0}
  m_PrefabAsset: {fileID: 0}
  m_GameObject: {fileID: 17068092465058400}
  m_LocalRotation: {x: -0.0031904646, y: -0.047132604, z: -0.33030823, w: 0.94269025}
  m_LocalPosition: {x: -0.22741364, y: 0, z: 0}
  m_LocalScale: {x: 1.0000008, y: 1.0000027, z: 0.99999607}
  m_Children:
  - {fileID: 17068092464565838}
  m_Father: {fileID: 17068092464565826}
  m_RootOrder: 0
  m_LocalEulerAnglesHint: {x: -2.1292279, y: -4.980591, z: -48.52275}
--- !u!1 &17068092465058402
GameObject:
  m_ObjectHideFlags: 0
  m_CorrespondingSourceObject: {fileID: 0}
  m_PrefabInstance: {fileID: 0}
  m_PrefabAsset: {fileID: 0}
  serializedVersion: 6
  m_Component:
  - component: {fileID: 17068092464565826}
  m_Layer: 9
  m_Name: CATRigLArm1
  m_TagString: Untagged
  m_Icon: {fileID: 0}
  m_NavMeshLayer: 0
  m_StaticEditorFlags: 0
  m_IsActive: 1
--- !u!4 &17068092464565826
Transform:
  m_ObjectHideFlags: 0
  m_CorrespondingSourceObject: {fileID: 0}
  m_PrefabInstance: {fileID: 0}
  m_PrefabAsset: {fileID: 0}
  m_GameObject: {fileID: 17068092465058402}
  m_LocalRotation: {x: 0.12784193, y: 0.55987746, z: -0.05898092, w: 0.81652623}
  m_LocalPosition: {x: -0.19535233, y: 0, z: 0}
  m_LocalScale: {x: 1.0000002, y: 0.9999996, z: 1.0000013}
  m_Children:
  - {fileID: 17068092464565824}
  m_Father: {fileID: 17068092464565836}
  m_RootOrder: 0
  m_LocalEulerAnglesHint: {x: 13.066993, y: 64.243996, z: 1.7761916}
--- !u!1 &17068092465058404
GameObject:
  m_ObjectHideFlags: 0
  m_CorrespondingSourceObject: {fileID: 0}
  m_PrefabInstance: {fileID: 0}
  m_PrefabAsset: {fileID: 0}
  serializedVersion: 6
  m_Component:
  - component: {fileID: 17068092464565828}
  m_Layer: 9
  m_Name: CATRigHub003Bone007
  m_TagString: Untagged
  m_Icon: {fileID: 0}
  m_NavMeshLayer: 0
  m_StaticEditorFlags: 0
  m_IsActive: 1
--- !u!4 &17068092464565828
Transform:
  m_ObjectHideFlags: 0
  m_CorrespondingSourceObject: {fileID: 0}
  m_PrefabInstance: {fileID: 0}
  m_PrefabAsset: {fileID: 0}
  m_GameObject: {fileID: 17068092465058404}
  m_LocalRotation: {x: -0.14257649, y: -0.20485976, z: -0.595355, w: 0.7637126}
  m_LocalPosition: {x: -0.18528937, y: 0.096963994, z: -0.11549145}
  m_LocalScale: {x: 0.99999976, y: 1, z: 0.9999997}
  m_Children: []
  m_Father: {fileID: 17068092464565842}
  m_RootOrder: 6
  m_LocalEulerAnglesHint: {x: -27.497084, y: -9.286423, z: -73.599846}
--- !u!1 &17068092465058406
GameObject:
  m_ObjectHideFlags: 0
  m_CorrespondingSourceObject: {fileID: 0}
  m_PrefabInstance: {fileID: 0}
  m_PrefabAsset: {fileID: 0}
  serializedVersion: 6
  m_Component:
  - component: {fileID: 17068092464565830}
  m_Layer: 9
  m_Name: CATRigHub003Bone006
  m_TagString: Untagged
  m_Icon: {fileID: 0}
  m_NavMeshLayer: 0
  m_StaticEditorFlags: 0
  m_IsActive: 1
--- !u!4 &17068092464565830
Transform:
  m_ObjectHideFlags: 0
  m_CorrespondingSourceObject: {fileID: 0}
  m_PrefabInstance: {fileID: 0}
  m_PrefabAsset: {fileID: 0}
  m_GameObject: {fileID: 17068092465058406}
  m_LocalRotation: {x: -0.14257649, y: -0.20485976, z: -0.595355, w: 0.7637126}
  m_LocalPosition: {x: -0.16348149, y: 0.122920595, z: -0.07219478}
  m_LocalScale: {x: 0.99999976, y: 1, z: 0.9999997}
  m_Children: []
  m_Father: {fileID: 17068092464565842}
  m_RootOrder: 5
  m_LocalEulerAnglesHint: {x: -27.497084, y: -9.286423, z: -73.599846}
--- !u!1 &17068092465058408
GameObject:
  m_ObjectHideFlags: 0
  m_CorrespondingSourceObject: {fileID: 0}
  m_PrefabInstance: {fileID: 0}
  m_PrefabAsset: {fileID: 0}
  serializedVersion: 6
  m_Component:
  - component: {fileID: 17068092464565832}
  m_Layer: 9
  m_Name: CATRigLArmDigit12
  m_TagString: Untagged
  m_Icon: {fileID: 0}
  m_NavMeshLayer: 0
  m_StaticEditorFlags: 0
  m_IsActive: 1
--- !u!4 &17068092464565832
Transform:
  m_ObjectHideFlags: 0
  m_CorrespondingSourceObject: {fileID: 0}
  m_PrefabInstance: {fileID: 0}
  m_PrefabAsset: {fileID: 0}
  m_GameObject: {fileID: 17068092465058408}
  m_LocalRotation: {x: 0.00000015465184, y: -0.000000017703776, z: 0.25050256, w: 0.9681159}
  m_LocalPosition: {x: -0.07432289, y: 0, z: 0}
  m_LocalScale: {x: 0.9999886, y: 1.0000018, z: 1.00001}
  m_Children:
  - {fileID: 17068092464565878}
  m_Father: {fileID: 17068092464565834}
  m_RootOrder: 0
  m_LocalEulerAnglesHint: {x: 0.000013878074, y: 0.00001752521, z: 30.635174}
--- !u!1 &17068092465058410
GameObject:
  m_ObjectHideFlags: 0
  m_CorrespondingSourceObject: {fileID: 0}
  m_PrefabInstance: {fileID: 0}
  m_PrefabAsset: {fileID: 0}
  serializedVersion: 6
  m_Component:
  - component: {fileID: 17068092464565834}
  m_Layer: 9
  m_Name: CATRigLArmDigit11
  m_TagString: Untagged
  m_Icon: {fileID: 0}
  m_NavMeshLayer: 0
  m_StaticEditorFlags: 0
  m_IsActive: 1
--- !u!4 &17068092464565834
Transform:
  m_ObjectHideFlags: 0
  m_CorrespondingSourceObject: {fileID: 0}
  m_PrefabInstance: {fileID: 0}
  m_PrefabAsset: {fileID: 0}
  m_GameObject: {fileID: 17068092465058410}
  m_LocalRotation: {x: 0.8549456, y: 0.39659077, z: -0.110508576, w: 0.3155498}
  m_LocalPosition: {x: -0.04549049, y: -0.020476704, z: 0.052400243}
  m_LocalScale: {x: 0.9999922, y: 0.9999922, z: 1.0000162}
  m_Children:
  - {fileID: 17068092464565832}
  m_Father: {fileID: 17068092464565858}
  m_RootOrder: 0
  m_LocalEulerAnglesHint: {x: 38.841984, y: 175.48358, z: 130.2558}
--- !u!1 &17068092465058412
GameObject:
  m_ObjectHideFlags: 0
  m_CorrespondingSourceObject: {fileID: 0}
  m_PrefabInstance: {fileID: 0}
  m_PrefabAsset: {fileID: 0}
  serializedVersion: 6
  m_Component:
  - component: {fileID: 17068092464565836}
  m_Layer: 9
  m_Name: CATRigLArmCollarbone
  m_TagString: Untagged
  m_Icon: {fileID: 0}
  m_NavMeshLayer: 0
  m_StaticEditorFlags: 0
  m_IsActive: 1
--- !u!4 &17068092464565836
Transform:
  m_ObjectHideFlags: 0
  m_CorrespondingSourceObject: {fileID: 0}
  m_PrefabInstance: {fileID: 0}
  m_PrefabAsset: {fileID: 0}
  m_GameObject: {fileID: 17068092465058412}
  m_LocalRotation: {x: 0.25230274, y: 0.66444445, z: 0.26150733, w: 0.6530473}
  m_LocalPosition: {x: -0.1800798, y: 0.1111467, z: 0.036549646}
  m_LocalScale: {x: 0.99999994, y: 0.99999994, z: 1}
  m_Children:
  - {fileID: 17068092464565826}
  m_Father: {fileID: 17068092464565844}
  m_RootOrder: 0
  m_LocalEulerAnglesHint: {x: -2.6536222, y: 95.51683, z: 40.182167}
--- !u!1 &17068092465058414
GameObject:
  m_ObjectHideFlags: 0
  m_CorrespondingSourceObject: {fileID: 0}
  m_PrefabInstance: {fileID: 0}
  m_PrefabAsset: {fileID: 0}
  serializedVersion: 6
  m_Component:
  - component: {fileID: 17068092464565838}
  m_Layer: 9
  m_Name: CATRigLArm22
  m_TagString: Untagged
  m_Icon: {fileID: 0}
  m_NavMeshLayer: 0
  m_StaticEditorFlags: 0
  m_IsActive: 1
--- !u!4 &17068092464565838
Transform:
  m_ObjectHideFlags: 0
  m_CorrespondingSourceObject: {fileID: 0}
  m_PrefabInstance: {fileID: 0}
  m_PrefabAsset: {fileID: 0}
  m_GameObject: {fileID: 17068092465058414}
  m_LocalRotation: {x: 0.084564894, y: -0.00000001469027, z: 0.0000000031160883, w: 0.996418}
  m_LocalPosition: {x: -0.1359841, y: -0.000000012111664, z: 0}
  m_LocalScale: {x: 1, y: 1, z: 1.0000001}
  m_Children:
  - {fileID: 17068092464565858}
  m_Father: {fileID: 17068092464565824}
  m_RootOrder: 0
  m_LocalEulerAnglesHint: {x: 9.70201, y: -0.0000012662792, z: 0.00000016408842}
--- !u!1 &17068092465058416
GameObject:
  m_ObjectHideFlags: 0
  m_CorrespondingSourceObject: {fileID: 0}
  m_PrefabInstance: {fileID: 0}
  m_PrefabAsset: {fileID: 0}
  serializedVersion: 6
  m_Component:
  - component: {fileID: 17068092464565840}
  m_Layer: 9
  m_Name: CATRigHub003Bone001
  m_TagString: Untagged
  m_Icon: {fileID: 0}
  m_NavMeshLayer: 0
  m_StaticEditorFlags: 0
  m_IsActive: 1
--- !u!4 &17068092464565840
Transform:
  m_ObjectHideFlags: 0
  m_CorrespondingSourceObject: {fileID: 0}
  m_PrefabInstance: {fileID: 0}
  m_PrefabAsset: {fileID: 0}
  m_GameObject: {fileID: 17068092465058416}
  m_LocalRotation: {x: 0.030480277, y: 0.727959, z: 0.22074848, w: 0.64839554}
  m_LocalPosition: {x: -0.18325567, y: -0.10560867, z: 0.1626173}
  m_LocalScale: {x: 1, y: 0.9999996, z: 0.9999998}
  m_Children: []
  m_Father: {fileID: 17068092464565842}
  m_RootOrder: 0
  m_LocalEulerAnglesHint: {x: -13.552273, y: 86.161995, z: 22.075586}
--- !u!1 &17068092465058418
GameObject:
  m_ObjectHideFlags: 0
  m_CorrespondingSourceObject: {fileID: 0}
  m_PrefabInstance: {fileID: 0}
  m_PrefabAsset: {fileID: 0}
  serializedVersion: 6
  m_Component:
  - component: {fileID: 17068092464565842}
  m_Layer: 9
  m_Name: CATRigHub003
  m_TagString: Untagged
  m_Icon: {fileID: 0}
  m_NavMeshLayer: 0
  m_StaticEditorFlags: 0
  m_IsActive: 1
--- !u!4 &17068092464565842
Transform:
  m_ObjectHideFlags: 0
  m_CorrespondingSourceObject: {fileID: 0}
  m_PrefabInstance: {fileID: 0}
  m_PrefabAsset: {fileID: 0}
  m_GameObject: {fileID: 17068092465058418}
  m_LocalRotation: {x: 0.08114817, y: 0.038833812, z: 0.12840846, w: 0.98763263}
  m_LocalPosition: {x: -0.13414326, y: 0, z: 0.000000006055832}
  m_LocalScale: {x: 1.0000001, y: 1.0000001, z: 1}
  m_Children:
  - {fileID: 17068092464565840}
  - {fileID: 17068092464565854}
  - {fileID: 17068092464565852}
  - {fileID: 17068092464565850}
  - {fileID: 17068092464565848}
  - {fileID: 17068092464565830}
  - {fileID: 17068092464565828}
  - {fileID: 17068092464565806}
  m_Father: {fileID: 17068092464565818}
  m_RootOrder: 0
  m_LocalEulerAnglesHint: {x: 5.428703, y: 4.1444974, z: 15.271223}
--- !u!1 &17068092465058420
GameObject:
  m_ObjectHideFlags: 0
  m_CorrespondingSourceObject: {fileID: 0}
  m_PrefabInstance: {fileID: 0}
  m_PrefabAsset: {fileID: 0}
  serializedVersion: 6
  m_Component:
  - component: {fileID: 17068092464565844}
  m_Layer: 9
  m_Name: CATRigHub002
  m_TagString: Untagged
  m_Icon: {fileID: 0}
  m_NavMeshLayer: 0
  m_StaticEditorFlags: 0
  m_IsActive: 1
--- !u!4 &17068092464565844
Transform:
  m_ObjectHideFlags: 0
  m_CorrespondingSourceObject: {fileID: 0}
  m_PrefabInstance: {fileID: 0}
  m_PrefabAsset: {fileID: 0}
  m_GameObject: {fileID: 17068092465058420}
  m_LocalRotation: {x: -0.029269392, y: 0.034626875, z: -0.21659774, w: 0.97520757}
  m_LocalPosition: {x: -0.12188578, y: 0, z: 0}
  m_LocalScale: {x: 0.99999994, y: 0.99999994, z: 0.99999994}
  m_Children:
  - {fileID: 17068092464565836}
  - {fileID: 17068092464565776}
  - {fileID: 17068092464565818}
  m_Father: {fileID: 17068092464565798}
  m_RootOrder: 0
  m_LocalEulerAnglesHint: {x: -2.574665, y: 4.8146753, z: -25.413048}
--- !u!1 &17068092465058422
GameObject:
  m_ObjectHideFlags: 0
  m_CorrespondingSourceObject: {fileID: 0}
  m_PrefabInstance: {fileID: 0}
  m_PrefabAsset: {fileID: 0}
  serializedVersion: 6
  m_Component:
  - component: {fileID: 17068092464565846}
  m_Layer: 9
  m_Name: CATRigHub001
  m_TagString: Untagged
  m_Icon: {fileID: 0}
  m_NavMeshLayer: 0
  m_StaticEditorFlags: 0
  m_IsActive: 1
--- !u!4 &17068092464565846
Transform:
  m_ObjectHideFlags: 0
  m_CorrespondingSourceObject: {fileID: 0}
  m_PrefabInstance: {fileID: 0}
  m_PrefabAsset: {fileID: 0}
  m_GameObject: {fileID: 17068092465058422}
  m_LocalRotation: {x: 0.5, y: -0.5, z: -0.5, w: 0.5}
  m_LocalPosition: {x: -0.000000011966078, y: 0.72877854, z: -0.17645265}
  m_LocalScale: {x: 0.99999994, y: 0.99999994, z: 0.99999994}
  m_Children:
  - {fileID: 17068092464565856}
  - {fileID: 17068092464565812}
  - {fileID: 17068092464565816}
  m_Father: {fileID: 17068092464565794}
  m_RootOrder: 0
  m_LocalEulerAnglesHint: {x: 0, y: -93.68864, z: -90}
--- !u!1 &17068092465058424
GameObject:
  m_ObjectHideFlags: 0
  m_CorrespondingSourceObject: {fileID: 0}
  m_PrefabInstance: {fileID: 0}
  m_PrefabAsset: {fileID: 0}
  serializedVersion: 6
  m_Component:
  - component: {fileID: 17068092464565848}
  m_Layer: 9
  m_Name: CATRigHub003Bone005
  m_TagString: Untagged
  m_Icon: {fileID: 0}
  m_NavMeshLayer: 0
  m_StaticEditorFlags: 0
  m_IsActive: 1
--- !u!4 &17068092464565848
Transform:
  m_ObjectHideFlags: 0
  m_CorrespondingSourceObject: {fileID: 0}
  m_PrefabInstance: {fileID: 0}
  m_PrefabAsset: {fileID: 0}
  m_GameObject: {fileID: 17068092465058424}
  m_LocalRotation: {x: 0.14257655, y: 0.20485985, z: -0.59535503, w: 0.7637125}
  m_LocalPosition: {x: -0.18528917, y: 0.096963994, z: 0.11549157}
  m_LocalScale: {x: 0.99999976, y: 1, z: 0.99999994}
  m_Children: []
  m_Father: {fileID: 17068092464565842}
  m_RootOrder: 4
  m_LocalEulerAnglesHint: {x: 27.49709, y: 9.286421, z: -73.59986}
--- !u!1 &17068092465058426
GameObject:
  m_ObjectHideFlags: 0
  m_CorrespondingSourceObject: {fileID: 0}
  m_PrefabInstance: {fileID: 0}
  m_PrefabAsset: {fileID: 0}
  serializedVersion: 6
  m_Component:
  - component: {fileID: 17068092464565850}
  m_Layer: 9
  m_Name: CATRigHub003Bone004
  m_TagString: Untagged
  m_Icon: {fileID: 0}
  m_NavMeshLayer: 0
  m_StaticEditorFlags: 0
  m_IsActive: 1
--- !u!4 &17068092464565850
Transform:
  m_ObjectHideFlags: 0
  m_CorrespondingSourceObject: {fileID: 0}
  m_PrefabInstance: {fileID: 0}
  m_PrefabAsset: {fileID: 0}
  m_GameObject: {fileID: 17068092465058426}
  m_LocalRotation: {x: 0.14257655, y: 0.20485985, z: -0.59535503, w: 0.7637125}
  m_LocalPosition: {x: -0.1634814, y: 0.12292065, z: 0.072194904}
  m_LocalScale: {x: 0.99999976, y: 1, z: 0.99999994}
  m_Children: []
  m_Father: {fileID: 17068092464565842}
  m_RootOrder: 3
  m_LocalEulerAnglesHint: {x: 27.49709, y: 9.286421, z: -73.59986}
--- !u!1 &17068092465058428
GameObject:
  m_ObjectHideFlags: 0
  m_CorrespondingSourceObject: {fileID: 0}
  m_PrefabInstance: {fileID: 0}
  m_PrefabAsset: {fileID: 0}
  serializedVersion: 6
  m_Component:
  - component: {fileID: 17068092464565852}
  m_Layer: 9
  m_Name: CATRigHub003Bone003
  m_TagString: Untagged
  m_Icon: {fileID: 0}
  m_NavMeshLayer: 0
  m_StaticEditorFlags: 0
  m_IsActive: 1
--- !u!4 &17068092464565852
Transform:
  m_ObjectHideFlags: 0
  m_CorrespondingSourceObject: {fileID: 0}
  m_PrefabInstance: {fileID: 0}
  m_PrefabAsset: {fileID: 0}
  m_GameObject: {fileID: 17068092465058428}
  m_LocalRotation: {x: 0.000000037663437, y: 0.0000000094459365, z: 0.48784155, w: 0.8729322}
  m_LocalPosition: {x: -0.28929338, y: -0.19911963, z: 0.0000000756979}
  m_LocalScale: {x: 1, y: 0.99999994, z: 1}
  m_Children: []
  m_Father: {fileID: 17068092464565842}
  m_RootOrder: 2
  m_LocalEulerAnglesHint: {x: 0.0000034775057, y: 0.0000025577249, z: 70.33815}
--- !u!1 &17068092465058430
GameObject:
  m_ObjectHideFlags: 0
  m_CorrespondingSourceObject: {fileID: 0}
  m_PrefabInstance: {fileID: 0}
  m_PrefabAsset: {fileID: 0}
  serializedVersion: 6
  m_Component:
  - component: {fileID: 17068092464565854}
  m_Layer: 9
  m_Name: CATRigHub003Bone002
  m_TagString: Untagged
  m_Icon: {fileID: 0}
  m_NavMeshLayer: 0
  m_StaticEditorFlags: 0
  m_IsActive: 1
--- !u!4 &17068092464565854
Transform:
  m_ObjectHideFlags: 0
  m_CorrespondingSourceObject: {fileID: 0}
  m_PrefabInstance: {fileID: 0}
  m_PrefabAsset: {fileID: 0}
  m_GameObject: {fileID: 17068092465058430}
  m_LocalRotation: {x: -0.03048067, y: -0.727959, z: 0.22074807, w: 0.64839566}
  m_LocalPosition: {x: -0.18325548, y: -0.10560877, z: -0.16261719}
  m_LocalScale: {x: 0.9999997, y: 0.99999976, z: 1.0000002}
  m_Children: []
  m_Father: {fileID: 17068092464565842}
  m_RootOrder: 1
  m_LocalEulerAnglesHint: {x: 13.552376, y: -86.161934, z: 22.075586}
--- !u!1 &17068092465058752
GameObject:
  m_ObjectHideFlags: 0
  m_CorrespondingSourceObject: {fileID: 0}
  m_PrefabInstance: {fileID: 0}
  m_PrefabAsset: {fileID: 0}
  serializedVersion: 6
  m_Component:
  - component: {fileID: 17068092464565792}
  - component: {fileID: 17068092468174710}
  - component: {fileID: 526260954}
  - component: {fileID: 526260955}
  m_Layer: 9
  m_Name: low_body
  m_TagString: Untagged
  m_Icon: {fileID: 0}
  m_NavMeshLayer: 0
  m_StaticEditorFlags: 0
  m_IsActive: 1
--- !u!4 &17068092464565792
Transform:
  m_ObjectHideFlags: 0
  m_CorrespondingSourceObject: {fileID: 0}
  m_PrefabInstance: {fileID: 0}
  m_PrefabAsset: {fileID: 0}
  m_GameObject: {fileID: 17068092465058752}
  m_LocalRotation: {x: 0, y: 0, z: 0, w: 1}
  m_LocalPosition: {x: -0, y: 0, z: 0}
  m_LocalScale: {x: 0.33737907, y: 0.33737907, z: 0.33737907}
  m_Children: []
  m_Father: {fileID: 17068092464565794}
  m_RootOrder: 4
  m_LocalEulerAnglesHint: {x: 0, y: 0, z: 0}
--- !u!137 &17068092468174710
SkinnedMeshRenderer:
  m_ObjectHideFlags: 0
  m_CorrespondingSourceObject: {fileID: 0}
  m_PrefabInstance: {fileID: 0}
  m_PrefabAsset: {fileID: 0}
  m_GameObject: {fileID: 17068092465058752}
  m_Enabled: 1
  m_CastShadows: 1
  m_ReceiveShadows: 1
  m_DynamicOccludee: 1
  m_MotionVectors: 1
  m_LightProbeUsage: 1
  m_ReflectionProbeUsage: 1
  m_RenderingLayerMask: 1
  m_RendererPriority: 0
  m_Materials:
  - {fileID: 2100000, guid: 35d2be71aae61a84487888aef130ccea, type: 2}
  m_StaticBatchInfo:
    firstSubMesh: 0
    subMeshCount: 0
  m_StaticBatchRoot: {fileID: 0}
  m_ProbeAnchor: {fileID: 0}
  m_LightProbeVolumeOverride: {fileID: 0}
  m_ScaleInLightmap: 1
  m_PreserveUVs: 0
  m_IgnoreNormalsForChartDetection: 0
  m_ImportantGI: 0
  m_StitchLightmapSeams: 0
  m_SelectedEditorRenderState: 3
  m_MinimumChartSize: 4
  m_AutoUVMaxDistance: 0.5
  m_AutoUVMaxAngle: 89
  m_LightmapParameters: {fileID: 0}
  m_SortingLayerID: 0
  m_SortingLayer: 0
  m_SortingOrder: 0
  serializedVersion: 2
  m_Quality: 0
  m_UpdateWhenOffscreen: 0
  m_SkinnedMotionVectors: 1
  m_Mesh: {fileID: 4300000, guid: 1a2f38c8dcd6bde4d82ed21037181a8c, type: 3}
  m_Bones:
  - {fileID: 17068092464565850}
  - {fileID: 17068092464565842}
  - {fileID: 17068092464565848}
  - {fileID: 17068092464565818}
  - {fileID: 17068092464565840}
  - {fileID: 17068092464565852}
  - {fileID: 17068092464565844}
  - {fileID: 17068092464565836}
  - {fileID: 17068092464565776}
  - {fileID: 17068092464565826}
  - {fileID: 17068092464565798}
  - {fileID: 17068092464565816}
  - {fileID: 17068092464565846}
  - {fileID: 17068092464565824}
  - {fileID: 17068092464565838}
  - {fileID: 17068092464565858}
  - {fileID: 17068092464565876}
  - {fileID: 17068092464565874}
  - {fileID: 17068092464565884}
  - {fileID: 17068092464565886}
  - {fileID: 17068092464565882}
  - {fileID: 17068092464565832}
  - {fileID: 17068092464565834}
  - {fileID: 17068092464565878}
  - {fileID: 17068092464565880}
  - {fileID: 17068092464565872}
  - {fileID: 17068092464565862}
  - {fileID: 17068092464565860}
  - {fileID: 17068092464565812}
  - {fileID: 17068092464565856}
  - {fileID: 17068092464565810}
  - {fileID: 17068092464565870}
  - {fileID: 17068092464565868}
  - {fileID: 17068092464565866}
  - {fileID: 17068092464565830}
  - {fileID: 17068092464565828}
  - {fileID: 17068092464565854}
  - {fileID: 17068092464565782}
  - {fileID: 17068092464565780}
  - {fileID: 17068092464565778}
  - {fileID: 17068092464565814}
  - {fileID: 17068092464565784}
  - {fileID: 17068092464565766}
  - {fileID: 17068092464565762}
  - {fileID: 17068092464565760}
  - {fileID: 17068092464565774}
  - {fileID: 17068092464565786}
  - {fileID: 17068092464565788}
  - {fileID: 17068092464565790}
  - {fileID: 17068092464565772}
  - {fileID: 17068092464565764}
  - {fileID: 17068092464565770}
  - {fileID: 17068092464565768}
  - {fileID: 17068092464565808}
  - {fileID: 17068092464565822}
  m_BlendShapeWeights: []
  m_RootBone: {fileID: 17068092464565846}
  m_AABB:
    m_Center: {x: -0.1669622, y: 0.039055526, z: -0.009015799}
    m_Extent: {x: 0.9914718, y: 0.4393744, z: 0.5699837}
  m_DirtyAABB: 0
--- !u!54 &526260954
Rigidbody:
  m_ObjectHideFlags: 0
  m_CorrespondingSourceObject: {fileID: 0}
  m_PrefabInstance: {fileID: 0}
  m_PrefabAsset: {fileID: 0}
  m_GameObject: {fileID: 17068092465058752}
  serializedVersion: 2
  m_Mass: 1
  m_Drag: 0
  m_AngularDrag: 0.05
  m_UseGravity: 1
  m_IsKinematic: 0
  m_Interpolate: 0
  m_Constraints: 0
  m_CollisionDetection: 0
--- !u!136 &526260955
CapsuleCollider:
  m_ObjectHideFlags: 0
  m_CorrespondingSourceObject: {fileID: 0}
  m_PrefabInstance: {fileID: 0}
  m_PrefabAsset: {fileID: 0}
  m_GameObject: {fileID: 17068092465058752}
  m_Material: {fileID: 0}
  m_IsTrigger: 0
  m_Enabled: 1
  m_Radius: 2.9387474
  m_Height: 2.6046348
  m_Direction: 1
  m_Center: {x: 0.026723044, y: 0.4071876, z: 2.6549964}
--- !u!1 &17068092465058754
GameObject:
  m_ObjectHideFlags: 0
  m_CorrespondingSourceObject: {fileID: 0}
  m_PrefabInstance: {fileID: 0}
  m_PrefabAsset: {fileID: 0}
  serializedVersion: 6
  m_Component:
  - component: {fileID: 17068092464565794}
  - component: {fileID: 1446192324}
  - component: {fileID: 2891315169326666577}
  - component: {fileID: 3809847035120526673}
  - component: {fileID: 8770977810917102701}
  - component: {fileID: 8373278544885923996}
  - component: {fileID: 17068092472353206}
  - component: {fileID: 801110963}
  - component: {fileID: 539394773}
  m_Layer: 9
  m_Name: Goblin Variant
  m_TagString: Untagged
  m_Icon: {fileID: 0}
  m_NavMeshLayer: 0
  m_StaticEditorFlags: 0
  m_IsActive: 1
--- !u!4 &17068092464565794
Transform:
  m_ObjectHideFlags: 0
  m_CorrespondingSourceObject: {fileID: 0}
  m_PrefabInstance: {fileID: 0}
  m_PrefabAsset: {fileID: 0}
  m_GameObject: {fileID: 17068092465058754}
  m_LocalRotation: {x: 0, y: 0, z: 0, w: 1}
  m_LocalPosition: {x: 0.13000202, y: -0.25, z: 3.9100037}
  m_LocalScale: {x: 0.5, y: 0.5, z: 0.5}
  m_Children:
  - {fileID: 17068092464565846}
  - {fileID: 17068092464565864}
  - {fileID: 17068092464565820}
  - {fileID: 17068092464565796}
  - {fileID: 17068092464565792}
  - {fileID: 808484845891360483}
  m_Father: {fileID: 0}
  m_RootOrder: 0
  m_LocalEulerAnglesHint: {x: 0, y: 0, z: 0}
--- !u!114 &1446192324
MonoBehaviour:
  m_ObjectHideFlags: 0
  m_CorrespondingSourceObject: {fileID: 0}
  m_PrefabInstance: {fileID: 0}
  m_PrefabAsset: {fileID: 0}
  m_GameObject: {fileID: 17068092465058754}
  m_Enabled: 1
  m_EditorHideFlags: 0
  m_Script: {fileID: 11500000, guid: e1f9cfceaecf0894897c1fbc3fd65771, type: 3}
  m_Name: 
  m_EditorClassIdentifier: 
--- !u!114 &2891315169326666577
MonoBehaviour:
  m_ObjectHideFlags: 0
  m_CorrespondingSourceObject: {fileID: 0}
  m_PrefabInstance: {fileID: 0}
  m_PrefabAsset: {fileID: 0}
  m_GameObject: {fileID: 17068092465058754}
  m_Enabled: 1
  m_EditorHideFlags: 0
  m_Script: {fileID: 11500000, guid: 011a49a56589fc24c90f3d0f38a87954, type: 3}
  m_Name: 
  m_EditorClassIdentifier: 
--- !u!114 &3809847035120526673
MonoBehaviour:
  m_ObjectHideFlags: 0
  m_CorrespondingSourceObject: {fileID: 0}
  m_PrefabInstance: {fileID: 0}
  m_PrefabAsset: {fileID: 0}
  m_GameObject: {fileID: 17068092465058754}
  m_Enabled: 1
  m_EditorHideFlags: 0
  m_Script: {fileID: 11500000, guid: 3be183988c2f6ec44bacca02024dcc08, type: 3}
  m_Name: 
  m_EditorClassIdentifier: 
  hitPoints: 30
  maxHitPoints: 30
--- !u!114 &8770977810917102701
MonoBehaviour:
  m_ObjectHideFlags: 0
  m_CorrespondingSourceObject: {fileID: 0}
  m_PrefabInstance: {fileID: 0}
  m_PrefabAsset: {fileID: 0}
  m_GameObject: {fileID: 17068092465058754}
  m_Enabled: 1
  m_EditorHideFlags: 0
  m_Script: {fileID: 11500000, guid: 0f3c18671138d5644acdcd3f6ed80732, type: 3}
  m_Name: 
  m_EditorClassIdentifier: 
--- !u!195 &8373278544885923996
NavMeshAgent:
  m_ObjectHideFlags: 0
  m_CorrespondingSourceObject: {fileID: 0}
  m_PrefabInstance: {fileID: 0}
  m_PrefabAsset: {fileID: 0}
  m_GameObject: {fileID: 17068092465058754}
  m_Enabled: 1
  m_AgentTypeID: 0
  m_Radius: 0.5
  m_Speed: 5.6
  m_Acceleration: 8
  avoidancePriority: 50
  m_AngularSpeed: 1000
  m_StoppingDistance: 2
  m_AutoTraverseOffMeshLink: 1
  m_AutoBraking: 1
  m_AutoRepath: 1
  m_Height: 1
  m_BaseOffset: 0
  m_WalkableMask: 5
  m_ObstacleAvoidanceType: 4
--- !u!95 &17068092472353206
Animator:
  serializedVersion: 3
  m_ObjectHideFlags: 0
  m_CorrespondingSourceObject: {fileID: 0}
  m_PrefabInstance: {fileID: 0}
  m_PrefabAsset: {fileID: 0}
  m_GameObject: {fileID: 17068092465058754}
  m_Enabled: 1
  m_Avatar: {fileID: 9000000, guid: 0234994b398ccfb40943db6006edcb1b, type: 3}
  m_Controller: {fileID: 9100000, guid: 44ec017394882114eae07613816674fb, type: 2}
  m_CullingMode: 1
  m_UpdateMode: 0
  m_ApplyRootMotion: 0
  m_LinearVelocityBlending: 0
  m_WarningMessage: 
  m_HasTransformHierarchy: 1
  m_AllowConstantClipSamplingOptimization: 1
  m_KeepAnimatorControllerStateOnDisable: 0
--- !u!82 &801110963
AudioSource:
  m_ObjectHideFlags: 0
  m_CorrespondingSourceObject: {fileID: 0}
  m_PrefabInstance: {fileID: 0}
  m_PrefabAsset: {fileID: 0}
  m_GameObject: {fileID: 17068092465058754}
  m_Enabled: 1
  serializedVersion: 4
  OutputAudioMixerGroup: {fileID: 0}
  m_audioClip: {fileID: 8300000, guid: 1b4f02bcb46e5cc429e03eaba034515a, type: 3}
  m_PlayOnAwake: 0
  m_Volume: 0.3
  m_Pitch: 1
  Loop: 0
  Mute: 0
  Spatialize: 0
  SpatializePostEffects: 0
  Priority: 128
  DopplerLevel: 1
  MinDistance: 1
  MaxDistance: 500
  Pan2D: 0
  rolloffMode: 0
  BypassEffects: 0
  BypassListenerEffects: 0
  BypassReverbZones: 0
  rolloffCustomCurve:
    serializedVersion: 2
    m_Curve:
    - serializedVersion: 3
      time: 0
      value: 1
      inSlope: 0
      outSlope: 0
      tangentMode: 0
      weightedMode: 0
      inWeight: 0.33333334
      outWeight: 0.33333334
    - serializedVersion: 3
      time: 1
      value: 0
      inSlope: 0
      outSlope: 0
      tangentMode: 0
      weightedMode: 0
      inWeight: 0.33333334
      outWeight: 0.33333334
    m_PreInfinity: 2
    m_PostInfinity: 2
    m_RotationOrder: 4
  panLevelCustomCurve:
    serializedVersion: 2
    m_Curve:
    - serializedVersion: 3
      time: 0
      value: 0
      inSlope: 0
      outSlope: 0
      tangentMode: 0
      weightedMode: 0
      inWeight: 0.33333334
      outWeight: 0.33333334
    m_PreInfinity: 2
    m_PostInfinity: 2
    m_RotationOrder: 4
  spreadCustomCurve:
    serializedVersion: 2
    m_Curve:
    - serializedVersion: 3
      time: 0
      value: 0
      inSlope: 0
      outSlope: 0
      tangentMode: 0
      weightedMode: 0
      inWeight: 0.33333334
      outWeight: 0.33333334
    m_PreInfinity: 2
    m_PostInfinity: 2
    m_RotationOrder: 4
  reverbZoneMixCustomCurve:
    serializedVersion: 2
    m_Curve:
    - serializedVersion: 3
      time: 0
      value: 1
      inSlope: 0
      outSlope: 0
      tangentMode: 0
      weightedMode: 0
      inWeight: 0.33333334
      outWeight: 0.33333334
    m_PreInfinity: 2
    m_PostInfinity: 2
    m_RotationOrder: 4
--- !u!114 &539394773
MonoBehaviour:
  m_ObjectHideFlags: 0
  m_CorrespondingSourceObject: {fileID: 0}
  m_PrefabInstance: {fileID: 0}
  m_PrefabAsset: {fileID: 0}
  m_GameObject: {fileID: 17068092465058754}
  m_Enabled: 1
  m_EditorHideFlags: 0
  m_Script: {fileID: 11500000, guid: 7d8d5b5b7a0775644b63d1df8921ab98, type: 3}
  m_Name: 
  m_EditorClassIdentifier: 
--- !u!1 &17068092465058756
GameObject:
  m_ObjectHideFlags: 0
  m_CorrespondingSourceObject: {fileID: 0}
  m_PrefabInstance: {fileID: 0}
  m_PrefabAsset: {fileID: 0}
  serializedVersion: 6
  m_Component:
  - component: {fileID: 17068092464565796}
  m_Layer: 9
  m_Name: Character001
  m_TagString: Untagged
  m_Icon: {fileID: 0}
  m_NavMeshLayer: 0
  m_StaticEditorFlags: 0
  m_IsActive: 1
--- !u!4 &17068092464565796
Transform:
  m_ObjectHideFlags: 0
  m_CorrespondingSourceObject: {fileID: 0}
  m_PrefabInstance: {fileID: 0}
  m_PrefabAsset: {fileID: 0}
  m_GameObject: {fileID: 17068092465058756}
  m_LocalRotation: {x: 0.50000006, y: -0.50000006, z: -0.49999994, w: 0.49999994}
  m_LocalPosition: {x: -0, y: 0, z: 0}
  m_LocalScale: {x: 0.99999994, y: 0.99999994, z: 0.99999994}
  m_Children: []
  m_Father: {fileID: 17068092464565794}
  m_RootOrder: 3
  m_LocalEulerAnglesHint: {x: 0, y: -90.00001, z: -90}
--- !u!1 &17068092465058758
GameObject:
  m_ObjectHideFlags: 0
  m_CorrespondingSourceObject: {fileID: 0}
  m_PrefabInstance: {fileID: 0}
  m_PrefabAsset: {fileID: 0}
  serializedVersion: 6
  m_Component:
  - component: {fileID: 17068092464565798}
  m_Layer: 9
  m_Name: CATRigSpine2
  m_TagString: Untagged
  m_Icon: {fileID: 0}
  m_NavMeshLayer: 0
  m_StaticEditorFlags: 0
  m_IsActive: 1
--- !u!4 &17068092464565798
Transform:
  m_ObjectHideFlags: 0
  m_CorrespondingSourceObject: {fileID: 0}
  m_PrefabInstance: {fileID: 0}
  m_PrefabAsset: {fileID: 0}
  m_GameObject: {fileID: 17068092465058758}
  m_LocalRotation: {x: -0.12415331, y: 0.016254641, z: -0.018158894, w: 0.9919637}
  m_LocalPosition: {x: -0.103356384, y: -0.000000012111664, z: -7.56979e-10}
  m_LocalScale: {x: 0.99999994, y: 0.9999999, z: 1.0000001}
  m_Children:
  - {fileID: 17068092464565844}
  m_Father: {fileID: 17068092464565816}
  m_RootOrder: 0
  m_LocalEulerAnglesHint: {x: -15.293752, y: 2.6716068, z: -4.904443}
--- !u!1 &17068092465058764
GameObject:
  m_ObjectHideFlags: 0
  m_CorrespondingSourceObject: {fileID: 0}
  m_PrefabInstance: {fileID: 0}
  m_PrefabAsset: {fileID: 0}
  serializedVersion: 6
  m_Component:
  - component: {fileID: 17068092464565804}
  - component: {fileID: 17068092465892980}
  - component: {fileID: 17068092466990260}
  m_Layer: 9
  m_Name: Low_weapons
  m_TagString: Untagged
  m_Icon: {fileID: 0}
  m_NavMeshLayer: 0
  m_StaticEditorFlags: 0
  m_IsActive: 1
--- !u!4 &17068092464565804
Transform:
  m_ObjectHideFlags: 0
  m_CorrespondingSourceObject: {fileID: 0}
  m_PrefabInstance: {fileID: 0}
  m_PrefabAsset: {fileID: 0}
  m_GameObject: {fileID: 17068092465058764}
  m_LocalRotation: {x: 0.009333679, y: 0.048811223, z: 0.76879025, w: 0.63756716}
  m_LocalPosition: {x: -0.20111476, y: -0.06736493, z: -0.35153377}
  m_LocalScale: {x: 0.8883192, y: 0.8883239, z: 0.88831824}
  m_Children: []
  m_Father: {fileID: 17068092464565814}
  m_RootOrder: 4
  m_LocalEulerAnglesHint: {x: -3.6206071, y: 4.40151, z: 100.52215}
--- !u!33 &17068092465892980
MeshFilter:
  m_ObjectHideFlags: 0
  m_CorrespondingSourceObject: {fileID: 0}
  m_PrefabInstance: {fileID: 0}
  m_PrefabAsset: {fileID: 0}
  m_GameObject: {fileID: 17068092465058764}
  m_Mesh: {fileID: 4300004, guid: 1a2f38c8dcd6bde4d82ed21037181a8c, type: 3}
--- !u!23 &17068092466990260
MeshRenderer:
  m_ObjectHideFlags: 0
  m_CorrespondingSourceObject: {fileID: 0}
  m_PrefabInstance: {fileID: 0}
  m_PrefabAsset: {fileID: 0}
  m_GameObject: {fileID: 17068092465058764}
  m_Enabled: 1
  m_CastShadows: 1
  m_ReceiveShadows: 1
  m_DynamicOccludee: 1
  m_MotionVectors: 1
  m_LightProbeUsage: 1
  m_ReflectionProbeUsage: 1
  m_RenderingLayerMask: 1
  m_RendererPriority: 0
  m_Materials:
  - {fileID: 2100002, guid: 1a2f38c8dcd6bde4d82ed21037181a8c, type: 3}
  m_StaticBatchInfo:
    firstSubMesh: 0
    subMeshCount: 0
  m_StaticBatchRoot: {fileID: 0}
  m_ProbeAnchor: {fileID: 0}
  m_LightProbeVolumeOverride: {fileID: 0}
  m_ScaleInLightmap: 1
  m_PreserveUVs: 0
  m_IgnoreNormalsForChartDetection: 0
  m_ImportantGI: 0
  m_StitchLightmapSeams: 0
  m_SelectedEditorRenderState: 3
  m_MinimumChartSize: 4
  m_AutoUVMaxDistance: 0.5
  m_AutoUVMaxAngle: 89
  m_LightmapParameters: {fileID: 0}
  m_SortingLayerID: 0
  m_SortingLayer: 0
  m_SortingOrder: 0
--- !u!1 &17068092465058766
GameObject:
  m_ObjectHideFlags: 0
  m_CorrespondingSourceObject: {fileID: 0}
  m_PrefabInstance: {fileID: 0}
  m_PrefabAsset: {fileID: 0}
  serializedVersion: 6
  m_Component:
  - component: {fileID: 17068092464565806}
  - component: {fileID: 17068092465892982}
  - component: {fileID: 17068092466990262}
  m_Layer: 9
  m_Name: Low_eyes
  m_TagString: Untagged
  m_Icon: {fileID: 0}
  m_NavMeshLayer: 0
  m_StaticEditorFlags: 0
  m_IsActive: 1
--- !u!4 &17068092464565806
Transform:
  m_ObjectHideFlags: 0
  m_CorrespondingSourceObject: {fileID: 0}
  m_PrefabInstance: {fileID: 0}
  m_PrefabAsset: {fileID: 0}
  m_GameObject: {fileID: 17068092465058766}
  m_LocalRotation: {x: -0.10588924, y: 0.6991334, z: 0.10588924, w: 0.6991334}
  m_LocalPosition: {x: -0.15057133, y: 0.08762532, z: -0.0000060073853}
  m_LocalScale: {x: -0.33737907, y: -0.3373791, z: -0.3373791}
  m_Children: []
  m_Father: {fileID: 17068092464565842}
  m_RootOrder: 7
  m_LocalEulerAnglesHint: {x: 0, y: 0, z: 0}
--- !u!33 &17068092465892982
MeshFilter:
  m_ObjectHideFlags: 0
  m_CorrespondingSourceObject: {fileID: 0}
  m_PrefabInstance: {fileID: 0}
  m_PrefabAsset: {fileID: 0}
  m_GameObject: {fileID: 17068092465058766}
  m_Mesh: {fileID: 4300002, guid: 1a2f38c8dcd6bde4d82ed21037181a8c, type: 3}
--- !u!23 &17068092466990262
MeshRenderer:
  m_ObjectHideFlags: 0
  m_CorrespondingSourceObject: {fileID: 0}
  m_PrefabInstance: {fileID: 0}
  m_PrefabAsset: {fileID: 0}
  m_GameObject: {fileID: 17068092465058766}
  m_Enabled: 1
  m_CastShadows: 1
  m_ReceiveShadows: 1
  m_DynamicOccludee: 1
  m_MotionVectors: 1
  m_LightProbeUsage: 1
  m_ReflectionProbeUsage: 1
  m_RenderingLayerMask: 1
  m_RendererPriority: 0
  m_Materials:
  - {fileID: 2100000, guid: 35d2be71aae61a84487888aef130ccea, type: 2}
  m_StaticBatchInfo:
    firstSubMesh: 0
    subMeshCount: 0
  m_StaticBatchRoot: {fileID: 0}
  m_ProbeAnchor: {fileID: 0}
  m_LightProbeVolumeOverride: {fileID: 0}
  m_ScaleInLightmap: 1
  m_PreserveUVs: 0
  m_IgnoreNormalsForChartDetection: 0
  m_ImportantGI: 0
  m_StitchLightmapSeams: 0
  m_SelectedEditorRenderState: 3
  m_MinimumChartSize: 4
  m_AutoUVMaxDistance: 0.5
  m_AutoUVMaxAngle: 89
  m_LightmapParameters: {fileID: 0}
  m_SortingLayerID: 0
  m_SortingLayer: 0
  m_SortingOrder: 0
--- !u!1 &17068092465058768
GameObject:
  m_ObjectHideFlags: 0
  m_CorrespondingSourceObject: {fileID: 0}
  m_PrefabInstance: {fileID: 0}
  m_PrefabAsset: {fileID: 0}
  serializedVersion: 6
  m_Component:
  - component: {fileID: 17068092464565808}
  m_Layer: 9
  m_Name: CATRigRLegAnkle
  m_TagString: Untagged
  m_Icon: {fileID: 0}
  m_NavMeshLayer: 0
  m_StaticEditorFlags: 0
  m_IsActive: 1
--- !u!4 &17068092464565808
Transform:
  m_ObjectHideFlags: 0
  m_CorrespondingSourceObject: {fileID: 0}
  m_PrefabInstance: {fileID: 0}
  m_PrefabAsset: {fileID: 0}
  m_GameObject: {fileID: 17068092465058768}
  m_LocalRotation: {x: 0.18485513, y: 0.031109763, z: -0.73687875, w: 0.64951557}
  m_LocalPosition: {x: -0.37222502, y: 0, z: 0.000000024223327}
  m_LocalScale: {x: 0.9999969, y: 1.0000035, z: 0.9999996}
  m_Children:
  - {fileID: 17068092464565822}
  m_Father: {fileID: 17068092464565810}
  m_RootOrder: 0
  m_LocalEulerAnglesHint: {x: 18.991869, y: -16.187153, z: -104.183945}
--- !u!1 &17068092465058770
GameObject:
  m_ObjectHideFlags: 0
  m_CorrespondingSourceObject: {fileID: 0}
  m_PrefabInstance: {fileID: 0}
  m_PrefabAsset: {fileID: 0}
  serializedVersion: 6
  m_Component:
  - component: {fileID: 17068092464565810}
  m_Layer: 9
  m_Name: CATRigRLeg2
  m_TagString: Untagged
  m_Icon: {fileID: 0}
  m_NavMeshLayer: 0
  m_StaticEditorFlags: 0
  m_IsActive: 1
--- !u!4 &17068092464565810
Transform:
  m_ObjectHideFlags: 0
  m_CorrespondingSourceObject: {fileID: 0}
  m_PrefabInstance: {fileID: 0}
  m_PrefabAsset: {fileID: 0}
  m_GameObject: {fileID: 17068092465058770}
  m_LocalRotation: {x: -0.0009016463, y: -0.059858, z: 0.2642971, w: 0.9625816}
  m_LocalPosition: {x: -0.3298078, y: -0.0000011384964, z: 0.0000006298065}
  m_LocalScale: {x: 0.99999774, y: 1.0000032, z: 0.9999987}
  m_Children:
  - {fileID: 17068092464565808}
  m_Father: {fileID: 17068092464565812}
  m_RootOrder: 0
  m_LocalEulerAnglesHint: {x: 2.5100796, y: -7.838434, z: 36.86101}
--- !u!1 &17068092465058772
GameObject:
  m_ObjectHideFlags: 0
  m_CorrespondingSourceObject: {fileID: 0}
  m_PrefabInstance: {fileID: 0}
  m_PrefabAsset: {fileID: 0}
  serializedVersion: 6
  m_Component:
  - component: {fileID: 17068092464565812}
  m_Layer: 9
  m_Name: CATRigRLeg1
  m_TagString: Untagged
  m_Icon: {fileID: 0}
  m_NavMeshLayer: 0
  m_StaticEditorFlags: 0
  m_IsActive: 1
--- !u!4 &17068092464565812
Transform:
  m_ObjectHideFlags: 0
  m_CorrespondingSourceObject: {fileID: 0}
  m_PrefabInstance: {fileID: 0}
  m_PrefabAsset: {fileID: 0}
  m_GameObject: {fileID: 17068092465058772}
  m_LocalRotation: {x: -0.01721859, y: 0.9895087, z: -0.110310555, w: -0.09169332}
  m_LocalPosition: {x: -0.017198369, y: 0.0065230755, z: -0.09928051}
  m_LocalScale: {x: 1.0000015, y: 0.9999987, z: 0.99999964}
  m_Children:
  - {fileID: 17068092464565810}
  m_Father: {fileID: 17068092464565846}
  m_RootOrder: 1
  m_LocalEulerAnglesHint: {x: 12.8171835, y: -169.37952, z: -2.583796}
--- !u!1 &17068092465058774
GameObject:
  m_ObjectHideFlags: 0
  m_CorrespondingSourceObject: {fileID: 0}
  m_PrefabInstance: {fileID: 0}
  m_PrefabAsset: {fileID: 0}
  serializedVersion: 6
  m_Component:
  - component: {fileID: 17068092464565814}
  m_Layer: 9
  m_Name: CATRigRArmPalm
  m_TagString: Untagged
  m_Icon: {fileID: 0}
  m_NavMeshLayer: 0
  m_StaticEditorFlags: 0
  m_IsActive: 1
--- !u!4 &17068092464565814
Transform:
  m_ObjectHideFlags: 0
  m_CorrespondingSourceObject: {fileID: 0}
  m_PrefabInstance: {fileID: 0}
  m_PrefabAsset: {fileID: 0}
  m_GameObject: {fileID: 17068092465058774}
  m_LocalRotation: {x: 0.78119594, y: 0.12083962, z: 0.20251478, w: 0.5780298}
  m_LocalPosition: {x: -0.1359841, y: 0, z: 0}
  m_LocalScale: {x: 0.999996, y: 1.0000027, z: 1.0000019}
  m_Children:
  - {fileID: 17068092464565790}
  - {fileID: 17068092464565784}
  - {fileID: 17068092464565762}
  - {fileID: 17068092464565760}
  - {fileID: 17068092464565804}
  m_Father: {fileID: 17068092464565778}
  m_RootOrder: 0
  m_LocalEulerAnglesHint: {x: 58.87848, y: 118.05521, z: 128.51181}
--- !u!1 &17068092465058776
GameObject:
  m_ObjectHideFlags: 0
  m_CorrespondingSourceObject: {fileID: 0}
  m_PrefabInstance: {fileID: 0}
  m_PrefabAsset: {fileID: 0}
  serializedVersion: 6
  m_Component:
  - component: {fileID: 17068092464565816}
  m_Layer: 9
  m_Name: CATRigSpine1
  m_TagString: Untagged
  m_Icon: {fileID: 0}
  m_NavMeshLayer: 0
  m_StaticEditorFlags: 0
  m_IsActive: 1
--- !u!4 &17068092464565816
Transform:
  m_ObjectHideFlags: 0
  m_CorrespondingSourceObject: {fileID: 0}
  m_PrefabInstance: {fileID: 0}
  m_PrefabAsset: {fileID: 0}
  m_GameObject: {fileID: 17068092465058776}
  m_LocalRotation: {x: -0.028604098, y: -0.0017141324, z: 0.026590018, w: 0.99923563}
  m_LocalPosition: {x: -0.070736475, y: -0.0012934288, z: 1.9529076e-10}
  m_LocalScale: {x: 1.0000001, y: 1.0000002, z: 1}
  m_Children:
  - {fileID: 17068092464565798}
  m_Father: {fileID: 17068092464565846}
  m_RootOrder: 2
  m_LocalEulerAnglesHint: {x: -3.4191144, y: -0.29213628, z: 2.7462623}
--- !u!1 &17068092465058778
GameObject:
  m_ObjectHideFlags: 0
  m_CorrespondingSourceObject: {fileID: 0}
  m_PrefabInstance: {fileID: 0}
  m_PrefabAsset: {fileID: 0}
  serializedVersion: 6
  m_Component:
  - component: {fileID: 17068092464565818}
  m_Layer: 9
  m_Name: CATRigSpine
  m_TagString: Untagged
  m_Icon: {fileID: 0}
  m_NavMeshLayer: 0
  m_StaticEditorFlags: 0
  m_IsActive: 1
--- !u!4 &17068092464565818
Transform:
  m_ObjectHideFlags: 0
  m_CorrespondingSourceObject: {fileID: 0}
  m_PrefabInstance: {fileID: 0}
  m_PrefabAsset: {fileID: 0}
  m_GameObject: {fileID: 17068092465058778}
  m_LocalRotation: {x: 0.08676514, y: 0.008226572, z: -0.12524123, w: 0.98829085}
  m_LocalPosition: {x: -0.23207149, y: -0.018621635, z: 0}
  m_LocalScale: {x: 0.9999999, y: 0.99999994, z: 1.0000001}
  m_Children:
  - {fileID: 17068092464565842}
  m_Father: {fileID: 17068092464565844}
  m_RootOrder: 2
  m_LocalEulerAnglesHint: {x: 6.603925, y: 0.2681142, z: -14.351497}
--- !u!1 &17068092465058780
GameObject:
  m_ObjectHideFlags: 0
  m_CorrespondingSourceObject: {fileID: 0}
  m_PrefabInstance: {fileID: 0}
  m_PrefabAsset: {fileID: 0}
  serializedVersion: 6
  m_Component:
  - component: {fileID: 17068092464565820}
  m_Layer: 9
  m_Name: CATRigRLegPlatform
  m_TagString: Untagged
  m_Icon: {fileID: 0}
  m_NavMeshLayer: 0
  m_StaticEditorFlags: 0
  m_IsActive: 1
--- !u!4 &17068092464565820
Transform:
  m_ObjectHideFlags: 0
  m_CorrespondingSourceObject: {fileID: 0}
  m_PrefabInstance: {fileID: 0}
  m_PrefabAsset: {fileID: 0}
  m_GameObject: {fileID: 17068092465058780}
  m_LocalRotation: {x: 0.36418685, y: -0.36418685, z: -0.6061089, w: 0.6061089}
  m_LocalPosition: {x: 0.21246882, y: 0.000000084395005, z: -0.23728949}
  m_LocalScale: {x: 0.99999994, y: 0.99999994, z: 0.99999994}
  m_Children: []
  m_Father: {fileID: 17068092464565794}
  m_RootOrder: 2
  m_LocalEulerAnglesHint: {x: 0, y: -61.99998, z: -90}
--- !u!1 &17068092465058782
GameObject:
  m_ObjectHideFlags: 0
  m_CorrespondingSourceObject: {fileID: 0}
  m_PrefabInstance: {fileID: 0}
  m_PrefabAsset: {fileID: 0}
  serializedVersion: 6
  m_Component:
  - component: {fileID: 17068092464565822}
  m_Layer: 9
  m_Name: CATRigRLegDigit11
  m_TagString: Untagged
  m_Icon: {fileID: 0}
  m_NavMeshLayer: 0
  m_StaticEditorFlags: 0
  m_IsActive: 1
--- !u!4 &17068092464565822
Transform:
  m_ObjectHideFlags: 0
  m_CorrespondingSourceObject: {fileID: 0}
  m_PrefabInstance: {fileID: 0}
  m_PrefabAsset: {fileID: 0}
  m_GameObject: {fileID: 17068092465058782}
  m_LocalRotation: {x: -0.011746666, y: -0.0162717, z: -0.17091957, w: 0.9850806}
  m_LocalPosition: {x: -0.20481296, y: 0, z: 0}
  m_LocalScale: {x: 0.9999996, y: 1.0000004, z: 1}
  m_Children: []
  m_Father: {fileID: 17068092464565808}
  m_RootOrder: 0
  m_LocalEulerAnglesHint: {x: -1.6449095, y: -1.6075857, z: -19.663502}
--- !u!1001 &6925381742315528263
PrefabInstance:
  m_ObjectHideFlags: 0
  serializedVersion: 2
  m_Modification:
    m_TransformParent: {fileID: 17068092464565794}
    m_Modifications:
    - target: {fileID: 8326123510459962842, guid: ed3bbe6407e134e45a925a045c110573,
        type: 3}
      propertyPath: m_Name
      value: EnemyFloatingCanvas
      objectReference: {fileID: 0}
    - target: {fileID: 8326123510459962842, guid: ed3bbe6407e134e45a925a045c110573,
        type: 3}
      propertyPath: m_Layer
      value: 9
      objectReference: {fileID: 0}
    - target: {fileID: 7720215051412797092, guid: ed3bbe6407e134e45a925a045c110573,
        type: 3}
      propertyPath: m_LocalPosition.x
      value: 0
      objectReference: {fileID: 0}
    - target: {fileID: 7720215051412797092, guid: ed3bbe6407e134e45a925a045c110573,
        type: 3}
      propertyPath: m_LocalPosition.y
      value: 0
      objectReference: {fileID: 0}
    - target: {fileID: 7720215051412797092, guid: ed3bbe6407e134e45a925a045c110573,
        type: 3}
      propertyPath: m_LocalPosition.z
      value: 0
      objectReference: {fileID: 0}
    - target: {fileID: 7720215051412797092, guid: ed3bbe6407e134e45a925a045c110573,
        type: 3}
      propertyPath: m_LocalRotation.x
      value: 0
      objectReference: {fileID: 0}
    - target: {fileID: 7720215051412797092, guid: ed3bbe6407e134e45a925a045c110573,
        type: 3}
      propertyPath: m_LocalRotation.y
      value: 0
      objectReference: {fileID: 0}
    - target: {fileID: 7720215051412797092, guid: ed3bbe6407e134e45a925a045c110573,
        type: 3}
      propertyPath: m_LocalRotation.z
      value: 0
      objectReference: {fileID: 0}
    - target: {fileID: 7720215051412797092, guid: ed3bbe6407e134e45a925a045c110573,
        type: 3}
      propertyPath: m_LocalRotation.w
      value: 1
      objectReference: {fileID: 0}
    - target: {fileID: 7720215051412797092, guid: ed3bbe6407e134e45a925a045c110573,
        type: 3}
      propertyPath: m_RootOrder
      value: 5
      objectReference: {fileID: 0}
    - target: {fileID: 7720215051412797092, guid: ed3bbe6407e134e45a925a045c110573,
        type: 3}
      propertyPath: m_LocalEulerAnglesHint.x
      value: 0
      objectReference: {fileID: 0}
    - target: {fileID: 7720215051412797092, guid: ed3bbe6407e134e45a925a045c110573,
        type: 3}
      propertyPath: m_LocalEulerAnglesHint.y
      value: 0
      objectReference: {fileID: 0}
    - target: {fileID: 7720215051412797092, guid: ed3bbe6407e134e45a925a045c110573,
        type: 3}
      propertyPath: m_LocalEulerAnglesHint.z
      value: 0
      objectReference: {fileID: 0}
    - target: {fileID: 7720215051412797092, guid: ed3bbe6407e134e45a925a045c110573,
        type: 3}
      propertyPath: m_AnchoredPosition.x
      value: 0
      objectReference: {fileID: 0}
    - target: {fileID: 7720215051412797092, guid: ed3bbe6407e134e45a925a045c110573,
        type: 3}
      propertyPath: m_AnchoredPosition.y
      value: 1.938
      objectReference: {fileID: 0}
    - target: {fileID: 7720215051412797092, guid: ed3bbe6407e134e45a925a045c110573,
        type: 3}
      propertyPath: m_SizeDelta.x
      value: 100
      objectReference: {fileID: 0}
    - target: {fileID: 7720215051412797092, guid: ed3bbe6407e134e45a925a045c110573,
        type: 3}
      propertyPath: m_SizeDelta.y
      value: 100
      objectReference: {fileID: 0}
    - target: {fileID: 7720215051412797092, guid: ed3bbe6407e134e45a925a045c110573,
        type: 3}
      propertyPath: m_AnchorMin.x
      value: 0.5
      objectReference: {fileID: 0}
    - target: {fileID: 7720215051412797092, guid: ed3bbe6407e134e45a925a045c110573,
        type: 3}
      propertyPath: m_AnchorMin.y
      value: 0.5
      objectReference: {fileID: 0}
    - target: {fileID: 7720215051412797092, guid: ed3bbe6407e134e45a925a045c110573,
        type: 3}
      propertyPath: m_AnchorMax.x
      value: 0.5
      objectReference: {fileID: 0}
    - target: {fileID: 7720215051412797092, guid: ed3bbe6407e134e45a925a045c110573,
        type: 3}
      propertyPath: m_AnchorMax.y
      value: 0.5
      objectReference: {fileID: 0}
    - target: {fileID: 7720215051412797092, guid: ed3bbe6407e134e45a925a045c110573,
        type: 3}
      propertyPath: m_Pivot.x
      value: 0.5
      objectReference: {fileID: 0}
    - target: {fileID: 7720215051412797092, guid: ed3bbe6407e134e45a925a045c110573,
        type: 3}
      propertyPath: m_Pivot.y
      value: 0.5
      objectReference: {fileID: 0}
    - target: {fileID: 7720215051412797092, guid: ed3bbe6407e134e45a925a045c110573,
        type: 3}
      propertyPath: m_LocalScale.y
      value: 0.72387
      objectReference: {fileID: 0}
    - target: {fileID: 2912556436829667889, guid: ed3bbe6407e134e45a925a045c110573,
        type: 3}
      propertyPath: m_LocalRotation.y
      value: 1
      objectReference: {fileID: 0}
    - target: {fileID: 2912556436829667889, guid: ed3bbe6407e134e45a925a045c110573,
        type: 3}
      propertyPath: m_LocalRotation.w
      value: 0
      objectReference: {fileID: 0}
    - target: {fileID: 2912556436829667889, guid: ed3bbe6407e134e45a925a045c110573,
        type: 3}
      propertyPath: m_LocalEulerAnglesHint.y
      value: 180
      objectReference: {fileID: 0}
    - target: {fileID: 6256320825180364040, guid: ed3bbe6407e134e45a925a045c110573,
        type: 3}
      propertyPath: m_Layer
      value: 9
      objectReference: {fileID: 0}
    - target: {fileID: 3822032358715420318, guid: ed3bbe6407e134e45a925a045c110573,
        type: 3}
      propertyPath: m_Layer
      value: 9
      objectReference: {fileID: 0}
    - target: {fileID: 3606526634421127555, guid: ed3bbe6407e134e45a925a045c110573,
        type: 3}
      propertyPath: objectWithHitpoints
      value: 
      objectReference: {fileID: 3809847035120526673}
    m_RemovedComponents: []
  m_SourcePrefab: {fileID: 100100000, guid: ed3bbe6407e134e45a925a045c110573, type: 3}
--- !u!224 &808484845891360483 stripped
RectTransform:
  m_CorrespondingSourceObject: {fileID: 7720215051412797092, guid: ed3bbe6407e134e45a925a045c110573,
    type: 3}
  m_PrefabInstance: {fileID: 6925381742315528263}
  m_PrefabAsset: {fileID: 0}
